@article{Alexiou2010,
author = {Alexiou, Aikaterini and Paraskeva, Fotini},
doi = {10.1016/j.sbspro.2010.03.463},
file = {:home/ybozhko/Documents/Mendeley Desktop/Alexiou, Paraskeva - 2010 - Enhancing self-regulated learning skills through the implementation of an e-portfolio tool.pdf:pdf},
journal = {Procedia - Social and Behavioral Sciences},
keywords = {0,e-portfolio,self-regulated learning,tertiary education,web 2},
number = {2},
pages = {3048--3054},
title = {{Enhancing self-regulated learning skills through the implementation of an e-portfolio tool}},
volume = {2},
year = {2010}
}
@article{Aller2005,
author = {Aller, Betsy M and Kline, Andrew A and Tsang, Edmund and Aravamuthan, Raja and Rasmusson, Adam C and Phillips, Colleen},
journal = {IEEE Transactions on Education},
number = {4},
pages = {764--771},
title = {{WeBAL: A Web-Based Assessment Library to Enhance Teaching and Learning in Engineering}},
volume = {48},
year = {2005}
}
@article{Ashling2007,
author = {Ashling, Jim},
journal = {Information Today},
number = {5},
pages = {29--30},
title = {{Transforming Research Communication}},
volume = {24},
year = {2007}
}
@article{Aspin2009,
author = {Aspin, David and Chapman, Judith},
journal = {Journal of Moral Education},
number = {1},
pages = {111--114},
title = {{Values education and lifelong learning: principles, policies and programmes}},
volume = {38},
year = {2009}
}
@misc{AssociationofLanguageTestersinEurope2005,
author = {{Association of Language Testers in Europe}},
number = {Novemver 13},
title = {{EAQUALS-ALTE Portfolio Project.}},
url = {http://www.alte.org/projects/eaquals\_alte.php http://www.eelp.org/eportfolio/index.html},
volume = {2009},
year = {2005}
}
@misc{Attwell2007,
author = {Attwell, Graham},
booktitle = {eLearning Papers},
number = {1},
pages = {1--7},
title = {{Personal Learning Environments - the future of eLearning?}},
url = {http://www.elearningeuropa.info/files/media/media11561.pdf},
volume = {2},
year = {2007}
}
@article{Bagnall2009,
author = {Bagnall, Richard G},
journal = {International Journal of Lifelong Education},
number = {2},
pages = {277--285},
title = {{Lifelong learning as an idea for our times: An extended review}},
volume = {28},
year = {2009}
}
@misc{Barrett2008,
author = {Barrett, Helen},
number = {November 13},
title = {{Categories of ePortfolio Tools}},
url = {http://electronicportfolios.com/categories.html},
volume = {2009},
year = {2008}
}
@misc{Barrett2009,
note = {Accessed April 28, 2011},
author = {Barrett, Helen},
number = {September 6},
title = {{Researching Lifelong ePortfolios and Web 2.0}},
url = {http://electronicportfolios.org},
volume = {2009},
year = {2009}
}
@article{Bisovsky2009,
author = {Bisovsky, Gerhard and Schaffert, Sandra},
journal = {International Journal of Emerging Technologies in Learning},
number = {1},
pages = {13--15},
title = {{Learning and Teaching With E-Portfolios: Experiences in and Challenges for Adult Education}},
url = {http://online-journals.org/index.php/i-jet/issue/view/51/showToc},
volume = {4},
year = {2009}
}
@misc{BlackboardInc.2009,
author = {{Blackboard Inc.}},
number = {September 6},
title = {{'Blackboard Release 9'}},
url = {http://www.blackboard.com/Release9/Release-9/What-is-New-in-9/Facebook.aspx},
volume = {2009},
year = {2009}
}
@article{Boshier2000,
author = {Boshier, Roger},
chapter = {6},
journal = {New Zealand journal of adult learning},
number = {2},
pages = {6--28},
title = {{Running to win: the contest between lifelong learning and education in Canada}},
volume = {28},
year = {2000}
}
@article{Boshier2001,
author = {Boshier, Roger},
journal = {International Journal of Lifelong Education},
number = {5},
pages = {361--377},
title = {{Lifelong learning as bungy jumping: In New Zealand what goes down doesnâ€™t always come up}},
volume = {20},
year = {2001}
}
@article{Boulos2007,
author = {Boulos, Maged N Kamel and Wheeler, Steve},
journal = {Health Information and Libraries Journal},
number = {1},
pages = {2--23},
title = {{The emerging Web 2.0 social software: an enabling suite of sociable technologies in health and health care education}},
volume = {24},
year = {2007}
}
@inbook{Bourner2002,
address = {London},
author = {Bourner, Tom},
chapter = {2},
edition = {2nd},
editor = {Greenfield, Tony},
pages = {7--12},
publisher = {Arnold},
title = {{The reserach journey: four steps to success}},
year = {2002}
}
@article{Bouslama2003,
author = {Bouslama, Faouzi and Lansari, Azzedine and Al-Rawi, Akram and Abonamah, Abdullah A},
journal = {Journal of Information Technology Education},
pages = {203--214},
title = {{A novel outcome-based educational model and its effect on student learning, curriculum development, and assessment}},
volume = {2},
year = {2003}
}
@inproceedings{Bozhko2011,
address = {Melbourne},
author = {Bozhko, Yuliya and Heinrich, Eva},
booktitle = {Proceedings of Global Learn Asia Pacific 2011},
editor = {Barton, S},
file = {:home/ybozhko/Documents/Mendeley Desktop/Bozhko, Heinrich - 2011 - Academic Perspective on Enhancing ePortfolio Systems to Better Support Lifelong Learning in Universities.pdf:pdf},
pages = {137--142},
publisher = {AACE},
title = {{Academic Perspective on Enhancing ePortfolio Systems to Better Support Lifelong Learning in Universities}},
url = {http://www.editlib.org/p/37163},
year = {2011}
}
@inproceedings{Bozhko2010,
address = {Penang, Malaysia},
author = {Bozhko, Yuliya and Heinrich, Eva},
booktitle = {Proceedings of Global Learn Asia Pacific 2010},
editor = {Abas, Zoraini Wati and Jung, Insung and Luca, Joseph and Mishra, Sanjaya and Barton, Siew-Mee},
pages = {2038--2043},
publisher = {AACE},
title = {{Towards a Lifelong Learning Environment in Universities}},
year = {2010}
}
@inbook{Brakke2002,
address = {San Francisco},
author = {Brakke, David F and Brown, Douglas T},
editor = {Narum, Jeanne L and Conover, Kate},
pages = {119--122},
publisher = {Jossey-Bass},
title = {{Assessment to improve student learning}},
year = {2002}
}
@article{Brooks2008,
author = {Brooks, Rachel and Everett, Glyn},
journal = {International Journal of Lifelong Education},
number = {3},
pages = {239--254},
title = {{The impact of higher education on lifelong learning}},
volume = {27},
year = {2008}
}
@article{Browne2006,
author = {Browne, Tom and Jenkins, Martin and Walker, Richard},
journal = {Interactive Learning Environments},
number = {2},
pages = {177--192},
title = {{A Longitudinal Perspective Regarding the Use of VLEs by Higher Education Institutions in the United Kingdom}},
volume = {14},
year = {2006}
}
@book{Burke2007,
address = {London; New York},
author = {Burke, Penny Jane and Jackson, Sue},
publisher = {Routledge},
title = {{Reconceptualising lifelong learning: feminist interventions}},
year = {2007}
}
@article{Byrne2001,
author = {Byrne, Michelle},
journal = {AORN Journal},
number = {2},
pages = {494--498},
title = {{Sampling for qualitative research}},
volume = {73},
year = {2001}
}
@misc{Capell2006,
author = {Capell, K},
number = {24 October},
title = {{Europe's Politicians Embrace Web 2.0}},
url = {http://www.businessweek.com/bwdaily/dnflash/content/oct2006/db20061024\_653130.htm},
volume = {2006},
year = {2006}
}
@misc{CareersWalesAssociation2006,
author = {{Careers Wales Association}},
number = {November 13},
title = {{e-Progress File Project.}},
url = {http://www2.careerswales.com/progressfile/},
volume = {2009},
year = {2006}
}
@article{Carter2008,
author = {Carter, Bev},
journal = {New Zealand journal of adult learning},
number = {2},
pages = {110--117},
title = {{Dewey, the OECD and differing discourses of 'lifelong learning'}},
volume = {36},
year = {2008}
}
@misc{Canas2003,
address = {Pensacola, FL},
author = {Ca\~{n}as, Alberto J},
booktitle = {Education And Training},
file = {:home/ybozhko/Documents/Mendeley Desktop/Ca\~{n}as - 2003 - A Summary of Literature Pertaining to the Use of Concept Mapping Techniques and Technologies for Education and Performance Support.pdf:pdf},
institution = {The Institute for Human and Machine Cognition},
title = {{A Summary of Literature Pertaining to the Use of Concept Mapping Techniques and Technologies for Education and Performance Support}},
url = {http://www.ihmc.us/users/acanas/Publications/ConceptMapLitReview/IHMC Literature Review on Concept Mapping.pdf},
year = {2003}
}
@misc{CentreforInternationalePortfolioDevelopment2006,
author = {{Centre for International ePortfolio Development}},
number = {November 13},
title = {{Joining up Organisations Supporting Engineering Pathways into Higher education.}},
url = {http://www.nottingham.ac.uk/eportfolio/JOSEPH/},
volume = {2009},
year = {2006}
}
@misc{CentreforInternationalePortfolioDevelopment2007,
author = {{Centre for International ePortfolio Development}},
number = {November 13},
title = {{DELIA.}},
url = {http://www.nottingham.ac.uk/eportfolio/delia/},
volume = {2009},
year = {2007}
}
@article{Chau2010,
author = {Chau, Juliana and Cheng, Gary},
file = {:home/ybozhko/Documents/Mendeley Desktop/Chau, Cheng - 2010 - ePortfolio , Technology , and Learning a Reality Check.pdf:pdf},
journal = {Journal of Interactive Learning Research},
number = {4},
pages = {221--237},
title = {{ePortfolio , Technology , and Learning : a Reality Check}},
volume = {21},
year = {2010}
}
@article{Churchill2009,
author = {Churchill, Daniel},
journal = {British Journal of Educational Technology},
number = {1},
pages = {179--183},
title = {{Educational applications of Web 2.0: Using blogs to support teaching and learning}},
volume = {40},
year = {2009}
}
@inproceedings{Clarke2003,
address = {Auckland, New Zealand},
author = {Clarke, Maggie},
title = {{The Reflective Journal: Implications for Professional Learning}},
year = {2003}
}
@article{Collis2004,
author = {Collis, Betty and {De Boer}, Wim},
journal = {Teachers as learners: Embedded tools for implementing a CMS},
number = {6},
pages = {7--12},
title = {{E-learning by design}},
volume = {48},
year = {2004}
}
@inproceedings{Conole2006,
address = {Sydney},
author = {Conole, Gr\'{a}inne and de Laat, Maarten and Dillon, Teresa and Darby, Jonathan},
booktitle = {Proceedings of the 23rd annual ascilite conference: Whoâ€™s learning? Whose technology?},
file = {:home/ybozhko/Documents/Mendeley Desktop/Conole et al. - 2006 - An in-depth case study of students â€™ experiences of e-Learning â€“ how is learning changing.pdf:pdf},
keywords = {audio log,e-learning,in-depth case studies,online survey,student experiences,student perceptions},
pages = {153--161},
title = {{An in-depth case study of students â€™ experiences of e-Learning â€“ how is learning changing ?}},
year = {2006}
}
@misc{Coppola2006,
author = {Coppola, Chris},
title = {{Understanding the Open Source Portfolio, Version 2.1, 2.2}},
url = {http://confluence.sakaiproject.org/download/attachments/22970394/understandingOSP-October2006.pdf?version=1},
year = {2006}
}
@misc{CurtinUniversity2006,
author = {{Curtin University}},
number = {7 September},
title = {{"Graduate Attributes Policy"}},
url = {http://policies.curtin.edu.au/policies/teachingandlearning.cfm},
volume = {2009},
year = {2006}
}
@inproceedings{Davide2009,
address = {Iasi, Romania},
author = {Davide, Taibi and Manuel, Gentile and Giovanni, Fulantelli and Mario, Allegra},
title = {{E-portfolio and semantic web to support informal learning in social network environment}},
year = {2009}
}
@inbook{Davies2003,
address = {Dordrecht, Boston, London},
author = {Davies, A and LeMahieu, P},
editor = {Segers, Mien and Dochy, F and Cascallar, E},
pages = {141--170},
publisher = {Kluwer Academic Publishers},
title = {{Reconsidering portfolios and research evidence}},
year = {2003}
}
@article{DeFreitas2006,
author = {de Freitas, S and Harrison, Ian and Magoulas, George and Mee, Adrian and Mohamad, Fitri and Oliver, Martin and Papamarkos, George and Poulovassilis, Alexandra},
journal = {British Journal of Educational Technology},
number = {6},
pages = {867--880},
title = {{The development of a system for supporting the lifelong learner}},
volume = {37},
year = {2006}
}
@book{Dewey2004,
address = {Mineola, N.Y.},
author = {Dewey, John},
edition = {Dover},
publisher = {Dover Publications. Originally published: New York: Macmillan, 1916},
title = {{Democracy and education}},
year = {2004}
}
@article{Dowling2006,
author = {Dowling, D},
journal = {European Journal of Engineering Education},
number = {1},
pages = {95--107},
title = {{Designing a competency based program to facilitate the progression of experienced engineering technologists to professional engineer status}},
volume = {31},
year = {2006}
}
@book{Edwards1998,
address = {London},
author = {Edwards, Richard and Raggatt, Peter and Harrison, Roger and McCollum, Ann and Calder, Judith},
publisher = {DfEE},
title = {{Recent Thinking in Lifelong Learning: A Review of the Literature}},
year = {1998}
}
@article{Eneroth2008,
author = {Eneroth, Bo},
journal = {European Journal of Education},
number = {2},
pages = {229--240},
title = {{Knowledge, Sentience and Receptivity: a paradigm of lifelong learning}},
volume = {43},
year = {2008}
}
@misc{EuropeanCommission,
author = {{European Commission}},
number = {27 July},
publisher = {The Education, Audiovisual and Culture Executive Agency},
title = {{"Lifelong learning programme"}},
url = {http://eacea.ec.europa.eu/llp/index\_en.php},
volume = {2009}
}
@misc{EuropeanCommission2000,
address = {Brussels},
author = {{European Commission}},
publisher = {SEC(2000) 1832},
title = {{A Memorandum on Lifelong Learning}},
url = {http://www.bologna-berlin2003.de/pdf/MemorandumEng.pdf},
year = {2000}
}
@misc{EuropeanCommission2001,
author = {{European Commission}},
editor = {{Directorate-General for Education and Culture} and {Directorate-General for Employment and Social Affairs}},
title = {{Making a European Areaof Lifelong Learninga Reality}},
year = {2001}
}
@book{Evans2003,
address = {London; New York},
author = {Evans, Norman},
publisher = {RoutledgeFalmer},
title = {{Making sense of lifelong learning : respecting the needs of all}},
year = {2003}
}
@inbook{Fallows2003,
address = {London and Sterling, VA},
author = {Fallows, S},
edition = {2},
editor = {Fry, Heather and Ketteridge, Steve and Marshall, Stephanie},
pages = {121--133},
publisher = {Kogan Page},
title = {{Teaching and learning for student skill development}},
year = {2003}
}
@book{Faure1972,
address = {Paris},
author = {Faure, Edgar and Herrera, Felipe and Kaddoura, Abdul-Razzak and Lopes, Henri and Pertovsky, Arthur V and Rahnema, Majid and Ward, Frederick Champion},
publisher = {Harrap/UNESCO},
title = {{Learning to be; the world of education today and tomorrow}},
year = {1972}
}
@book{Field2006,
address = {Stoke-on-Trent},
author = {Field, John},
publisher = {Trentham Books},
title = {{Lifelong learning and the new educational order}},
url = {http://www.informaworld.com/smpp/content\~{}content=a909710881\~{}db=all?jumptype=alert\&alerttype=new\_issue\_alert,email},
year = {2006}
}
@book{Field2003,
address = {London},
author = {Field, John and Leicester, Mal},
publisher = {RoutledgeFalmer},
title = {{Lifelong learning: education across the lifespan}},
year = {2003}
}
@article{Fischer2007,
author = {Fischer, G and Konomi, S},
journal = {Journal of Computer Assisted Learning},
number = {4},
pages = {338--350},
title = {{Innovative socio-technical environments in support of distributed intelligence and lifelong learning}},
volume = {23},
year = {2007}
}
@article{Friesen2004,
author = {Friesen, Norm and Anderson, Terry},
journal = {British Journal of Educational Technology},
number = {6},
pages = {679--687},
title = {{Interaction for lifelong learning}},
volume = {35},
year = {2004}
}
@inbook{Galliers1992,
address = {Henley-on-Thames},
author = {Galliers, Robert},
chapter = {8},
editor = {Galliers, Robert},
pages = {144--162},
publisher = {Alfred Waller},
title = {{Choosing Information Systems Research Approaches}},
year = {1992}
}
@book{Gillham2000,
address = {London},
author = {Gillham, Bill},
publisher = {Continuum},
title = {{The Research Interview}},
year = {2000}
}
@inproceedings{Glintz2000,
address = {Yokohama, Japan},
author = {Glintz, Martin},
pages = {55--60},
title = {{Improving the Quality of Requirements with Scenarios}},
year = {2000}
}
@article{Grabowski2004,
author = {Grabowski, U},
journal = {Global Journal of Engineering Education},
pages = {269--274},
title = {{Erfolgsfaktor Pers\"{o}nlichkeit: Anforderungen an eine Ganzheitliche Ingenieurausbildung}},
volume = {8},
year = {2004}
}
@misc{Grace2002,
address = {Toronto, Ontario},
author = {Grace, Andr\'{e} P},
title = {{Lifelong Learning: International Perspectives on Policy and Practice}},
url = {http://www.oise.utoronto.ca/CASAE/cnf2002/2002\_Papers/grace2002w.pdf},
year = {2002}
}
@article{Guest2006,
author = {Guest, Graham},
journal = {European Journal of Engineering Education},
number = {3},
pages = {273--281},
title = {{Lifelong learning for engineers: a global perspective}},
volume = {31},
year = {2006}
}
@article{Hartnell-Young2006,
author = {Hartnell-Young, Elizabeth and Smallwood, Angela and Kingston, Sandra and Harley, Philip},
journal = {British Journal of Educational Technology},
number = {6},
pages = {853--866},
title = {{Joining up the episodes of lifelong learning: A regional transition project}},
volume = {37},
year = {2006}
}
@misc{Havenstein2007,
author = {Havenstein, H},
booktitle = {Computerworld},
number = {8},
pages = {1--36},
title = {{Customers Courted With Web 2.0.}},
url = {http://www.computerworld.com/s/article/print/283355/Customers\_Courted\_With\_Web\_2.0},
volume = {41},
year = {2007}
}
@inproceedings{Heinrich2008a,
address = {Rotorua, New Zealand},
author = {Heinrich, Eva},
pages = {173--182},
title = {{Supporting continuous improvement in teaching development through electronic teaching portfolios}},
year = {2008}
}
@inproceedings{Heinrich2008,
address = {Melbourne},
author = {Heinrich, Eva},
title = {{Contrasting approaches: Institutional or individual ownership in ePortfolio systems}},
url = {http://www.ascilite.org.au/conferences/melbourne08/procs/heinrich.pdf},
year = {2008}
}
@article{Heinrich2007,
author = {Heinrich, Eva and Bhattacharya, Madhumita and Rayudu, Ramesh},
journal = {European Journal of Engineering Education},
number = {6},
pages = {653--663},
title = {{Preparation for lifelong learning using ePortfolios}},
volume = {32},
year = {2007}
}
@inbook{Hernon2006,
address = {Westport, Connecticut, London},
author = {Hernon, P},
editor = {Hernon, P and Dugan, R E and Schwartz, C},
pages = {135--150},
publisher = {Libraries Unlimited},
title = {{Methods of data collection}},
year = {2006}
}
@article{Hernandez-March2009,
author = {Hern\'{a}ndez-March, Julio and del Peso, M\'{o}nica Mart\'{\i}n and Leguey, Santiago},
journal = {Tertiary Education and Management},
number = {1},
pages = {1--16},
title = {{Graduates' Skills and Higher Education: The employers' perspective}},
volume = {15},
year = {2009}
}
@article{Hevner2004,
author = {Hevner, Alan and March, Salvatore and Park, Jinsoo and Ram, Sudha},
file = {:home/ybozhko/Documents/Mendeley Desktop/Hevner et al. - 2004 - Design Science in Information Systems Research.pdf:pdf},
journal = {MIS Quarterly},
number = {1},
pages = {75--105},
title = {{Design Science in Information Systems Research}},
volume = {28},
year = {2004}
}
@misc{HigherEducationFundingCouncilforEngland2009,
author = {{Higher Education Funding Council for England}},
number = {November 13},
title = {{Lifelong Learning Networks.}},
url = {http://www.hefce.ac.uk/widen/lln/},
volume = {2009},
year = {2009}
}
@article{Hilzensauer2009,
author = {Hilzensauer, Wolf and Buchberger, Gerlinde},
journal = {International Journal of Emerging Technologies in Learning},
number = {1},
pages = {5--8},
title = {{MOSEP â€“ More Self-Esteem With My E-Portfolio Development of a Train-the-Trainer Course for E-Portfolio Tutors}},
url = {http://online-journals.org/index.php/i-jet/issue/view/51/showToc},
volume = {4},
year = {2009}
}
@article{Himpsl2009,
author = {Himpsl, Klaus and Baumgartner, Peter},
journal = {International Journal of Emerging Technologies in Learning},
number = {1},
pages = {16--22},
title = {{Evaluation of E-Portfolio Software}},
url = {http://online-journals.org/index.php/i-jet/issue/view/51/showToc},
volume = {4},
year = {2009}
}
@misc{Holahan2006,
author = {Holahan, Catherine},
number = {8 September},
title = {{Fantasy Football 2.0}},
volume = {2006},
year = {2006}
}
@misc{Holahan2007,
author = {Holahan, Catherine},
number = {26 March},
title = {{Close Harmony: Bands and Web 2.0}},
volume = {2007},
year = {2007}
}
@article{Hughes2010,
author = {Hughes, Clair and Barrie, Simon},
doi = {10.1080/02602930903221485},
file = {:home/ybozhko/Documents/Mendeley Desktop/Hughes, Barrie - 2010 - Influences on the assessment of graduate attributes in higher education.pdf:pdf},
issn = {0260-2938},
journal = {Assessment \& Evaluation in Higher Education},
month = may,
number = {3},
pages = {325--334},
title = {{Influences on the assessment of graduate attributes in higher education}},
url = {http://www.informaworld.com/openurl?genre=article\&doi=10.1080/02602930903221485\&magic=crossref||D404A21C5BB053405B1A640AFFD44AE3},
volume = {35},
year = {2010}
}
@article{Illeris2009,
author = {Illeris, Knud},
journal = {International Journal of Lifelong Education},
number = {2},
pages = {137--148},
title = {{Transfer of learning in the learning society: How can the barriers betweendifferent learning spaces be surmounted, and how can the gap betweenlearning inside and outside schools be bridged?}},
volume = {28},
year = {2009}
}
@misc{IMSGlobalLearningConsortium2005,
author = {{IMS Global Learning Consortium}},
number = {November 18},
title = {{IMS ePortfolio Information Model. Version 1.0 Final Specification.}},
url = {http://www.imsglobal.org/ep/epv1p0/imsep\_infov1p0.html},
volume = {2009},
year = {2005}
}
@book{Inoue2007,
address = {Hershey, PA},
author = {Inoue, Yukiko},
publisher = {Information Science Pub.},
title = {{Online education for lifelong learning}},
year = {2007}
}
@misc{ISLE2005,
author = {ISLE},
number = {November 13},
title = {{Individualised Support for Learning through e-Portfolios.}},
url = {http://isle.paisley.ac.uk/default.aspx},
volume = {2009},
year = {2005}
}
@book{Jafari2006,
address = {Hershey, PA},
author = {Jafari, Ali and Kaufman, Catherine},
isbn = {1-5914-0890-3},
publisher = {Idea Group Reference},
title = {{Handbook of research on ePortfolios}},
year = {2006}
}
@article{Jakobi2009,
author = {Jakobi, Anja P and Rusconi, Alessandra},
journal = {Compare: A Journal of Comparative and International Education},
number = {1},
pages = {51--65},
title = {{Lifelong learning in the Bologna process: European developments in higher education}},
volume = {39},
year = {2009}
}
@inbook{Jarvis2004,
address = {London; New York, NY},
author = {Jarvis, Peter},
chapter = {2},
editor = {Jarvis, Peter},
pages = {39--65},
publisher = {RoutledgeFalmer},
title = {{From adult education to lifelong learning: a conceptual framework}},
year = {2004}
}
@misc{JISC2006,
author = {JISC},
number = {November 13},
title = {{Regional Interoperability Project on Progression for Lifelong Learning.}},
url = {http://www.nottingham.ac.uk/rippll/},
volume = {2009},
year = {2006}
}
@misc{JISC2008,
address = {Brisbane, Australia},
author = {JISC},
title = {{Efective Practice with e-Portfolios. Supporting 21st century learning}},
year = {2008}
}
@misc{JISC2009,
author = {JISC},
number = {November 13},
title = {{eReturn.}},
url = {http://www.jisc.ac.uk/whatwedo/programmes/elearningcapital/xinstit2/ereturn},
volume = {2009},
year = {2009}
}
@misc{JISC2008a,
author = {JISC},
publisher = {Centre for Recording Achievement},
title = {{The role of e-portfolios in formative and summative assessment practices: Case studies}},
url = {http://www.jisc.ac.uk/media/documents/programmes/elearning/eportcasestudy.doc},
year = {2008}
}
@inbook{Johnson2001,
address = {London},
author = {Johnson, John M},
chapter = {5},
editor = {Gubrium, Jaber F and Holstein, James A},
pages = {103--120},
publisher = {SAGE},
title = {{In-depth Interviewing}},
year = {2001}
}
@article{Johnson2004,
author = {Johnson, R Burke and Onwuegbuzie, Anthony J},
journal = {Educational Researcher},
number = {7},
pages = {14--26},
title = {{Mixed Methods Research: A Research Paradigm Whose Time Has Come}},
volume = {33},
year = {2004}
}
@inproceedings{Kay2008,
address = {Montreal, Canada},
author = {Kay, Judy},
chapter = {2},
pages = {3--5},
publisher = {Springer},
title = {{Life-Long Learning, Learner Models and Augmented Cognition}},
year = {2008}
}
@article{Kenny2002,
author = {Kenny, John},
journal = {Australian Journal of Educational Technology},
number = {3},
pages = {359--376},
title = {{Managing innovation in educational institutions}},
volume = {18},
year = {2002}
}
@book{Knapper2000,
address = {London},
author = {Knapper, Christopher Kay and Cropley, Arthur J},
edition = {3rd},
publisher = {Kogan Page},
title = {{Lifelong learning in higher education}},
year = {2000}
}
@book{Kumar2005,
address = {London},
author = {Kumar, Ranjit},
edition = {2nd},
publisher = {SAGE},
title = {{Research methodology : a step-by-step guide for beginners}},
year = {2005}
}
@article{Lee2008,
author = {Lee, Moosung and Thayer, Tryggvi and {Na'im Madyun}},
journal = {Comparative Education},
number = {4},
pages = {445--463},
title = {{The evolution of the European Union's lifelong learning policies: an institutional learning perspective}},
volume = {44},
year = {2008}
}
@article{LibraryTechnologyReports2007,
author = {{Library Technology Reports}},
number = {5},
pages = {52--57},
title = {{Social video: videoblogging \& YouTube}},
volume = {43},
year = {2007}
}
@misc{Lombardi2008,
author = {Lombardi, Marilyn M},
publisher = {EDUCAUSE Learning Initiative},
title = {{Making the Grade: The Role of Assessment in Authentic Learning}},
url = {http://net.educause.edu/ir/library/pdf/ELI3019.pdf},
year = {2008}
}
@book{Longworth2003,
address = {London and Sterling, VA},
author = {Longworth, Norman},
publisher = {Kogan Page},
title = {{Lifelong learning in action: transforming education in the 21st century}},
year = {2003}
}
@book{Maciaszek2007,
address = {New York},
author = {Maciaszek, Leszek A},
edition = {3},
publisher = {Addison-Wesley},
title = {{Requirements analysis and system design}},
year = {2007}
}
@misc{MacMillan2007,
author = {MacMillan, Douglas},
number = {18 June},
title = {{Family Trees 2.0}},
volume = {2007},
year = {2007}
}
@book{Marshall2010,
address = {Los Angeles},
author = {Marshall, Catherine and Rossman, Gretchen B.},
edition = {5},
publisher = {SAGE},
title = {{Designing qualitative research}},
year = {2011}
}
@book{Marzano1993,
address = {Alexandria, VA},
author = {Marzano, Robert J. and Pickering, Debra and McTighe, Jay},
file = {:home/ybozhko/Documents/Mendeley Desktop/Marzano, Pickering, McTighe - 1993 - Assessing Student Outcomes Performance Assessment Using the Dimensions of Learning Model.pdf:pdf},
publisher = {Association for Supervision and Curriculum Development},
title = {{Assessing Student Outcomes: Performance Assessment Using the Dimensions of Learning Model}},
year = {1993}
}
@misc{MasseyUniversity2008,
author = {{Massey University}},
number = {13 November},
title = {{Lifelong Learning Policy}},
url = {http://science.massey.ac.nz/eportfolios/lllPolicy.asp},
volume = {2009},
year = {2008}
}
@book{Mauger2009,
author = {Mauger, Simon},
publisher = {National Institute of Adult Continuing Education},
title = {{Technological Change}},
volume = {2},
year = {2009}
}
@inproceedings{Mcaleese1998,
address = {University of Aveiro, Portugal},
author = {Mcaleese, Ray},
booktitle = {EuroConference},
file = {:home/ybozhko/Documents/Mendeley Desktop/Mcaleese - 1998 - Coming to Know the role of the concept map - mirror, assistant, master.pdf:pdf},
title = {{Coming to Know: the role of the concept map - mirror, assistant, master?}},
year = {1998}
}
@inbook{McAlister2003,
address = {London and Sterling, VA},
author = {McAlister, G and Alexander, S},
edition = {2},
editor = {Fry, Heather and Ketteridge, Steve and Marshall, Stephanie},
pages = {278--300},
publisher = {Kogan Page},
title = {{Key aspects of teaching and learning in information and computer sciences}},
year = {2003}
}
@book{Medel-Anonuevo2001,
address = {Hamburg, Germany},
author = {Medel-A\~{n}onuevo, Carolyn and Ohsako, Toshio and Mauch, Werner},
publisher = {UNESCO Institute for Education},
title = {{Revisiting Lifelong Learning for the 21st Century}},
year = {2001}
}
@misc{Moodle2009,
author = {Moodle},
number = {November 30},
title = {{Development:Portfolio API.}},
url = {http://docs.moodle.org/en/Development:Portfolio\_API},
volume = {2009},
year = {2009}
}
@book{Morgan-Klein2007,
address = {London; New York},
author = {Morgan-Klein, Brenda and Osborne, Michael},
publisher = {Routledge},
title = {{The concepts and practices of lifelong learning}},
year = {2007}
}
@misc{MOSEP2006,
author = {MOSEP},
number = {November 13},
title = {{More Self Esteem with my e-Portfolio.}},
url = {http://www.mosep.org},
volume = {2009},
year = {2006}
}
@inbook{Muffo2001,
address = {Sterling, Virginia},
author = {Muffo, John A},
editor = {Palomba, Catherine A and Banta, Trudy W},
pages = {159--175},
publisher = {Stylus},
title = {{Assessing student competence in engineering}},
year = {2001}
}
@article{Manuca2009,
author = {MÄƒnucÄƒ, Elena and Alexandru, Sevastian and GavrilaÅŸ, Roxana},
journal = {International Journal of Emerging Technologies in Learning},
number = {1},
pages = {9--12},
title = {{E-Portfolio Implementations and Experiences: Didactical Functionalities of E-Portfolio in Interdisciplinary Contexts}},
url = {http://online-journals.org/index.php/i-jet/issue/view/51/showToc},
volume = {4},
year = {2009}
}
@misc{NewZealandMinistryofEducation2008,
author = {{New Zealand Ministry of Education}},
title = {{Tertiary Education Strategy 2007-2012. Incorporating Statement of Tertiary Education Priorities 2008-2010}},
year = {2008}
}
@misc{NewZealandMinistryofEducation2009,
author = {{New Zealand Ministry of Education}},
title = {{Tertiary Education Strategy monitoring 2009}},
url = {http://www.educationcounts.govt.nz/\_\_data/assets/pdf\_file/0019/51553/Summary-document-web.pdf},
year = {2009}
}
@misc{NewcastleUniversity2009,
author = {{Newcastle University}},
number = {November 13},
title = {{EPICS-2: North East regional collaboration for personalised, work-based, and life-long learning.}},
url = {http://www.eportfolios.ac.uk/EPICS},
volume = {2009},
year = {2009}
}
@misc{NewcastleUniversity2007,
author = {{Newcastle University}},
number = {November 13},
title = {{The First EPICS Project.}},
url = {http://www.eportfolios.ac.uk/EPICS/?pid=173},
volume = {2009},
year = {2007}
}
@article{Noll2002,
author = {Noll, Cheryl L and Wilkins, Marilyn},
journal = {Journal of Information Technology Education},
number = {3},
pages = {143--154},
title = {{Critical Skills of IS Professionals: A Model for Curriculum Development}},
volume = {1},
year = {2002}
}
@misc{Novak2008,
author = {Novak, Joseph D and Ca\~{n}as, Alberto J},
file = {:home/ybozhko/Documents/Mendeley Desktop/Novak, Ca\~{n}as - 2008 - The Theory Underlying Concept Maps and How to Construct and Use Them, Technical Report IHMC CmapTools 2006-01 Rev 01- 2008.pdf:pdf},
institution = {Florida Institute for Human and Machine Cognition},
title = {{The Theory Underlying Concept Maps and How to Construct and Use Them, Technical Report IHMC CmapTools 2006-01 Rev 01- 2008}},
url = {http://cmap.ihmc.us/Publications/ResearchPapers/ TheoryUnderlyingConceptMaps.pdf},
year = {2008}
}
@book{Novak2010,
address = {New York, NY},
author = {Novak, Joseph Donald},
edition = {2},
publisher = {Routledge},
title = {{Learning, creating, and using knowledge: concept maps as facilitative tools in schools and corporations}},
year = {2010}
}
@misc{NZQA2004,
author = {NZQA},
title = {{The Role of National Qualifications Systems in Promoting Lifelong Learning. Background Report for New Zealand}},
url = {http://www.oecd.org/dataoecd/22/23/33774156.pdf},
year = {2004}
}
@misc{NZQA,
author = {NZQA},
number = {13 July},
title = {{"Accredited Industry Training Organisations"}},
url = {http://www.nzqa.govt.nz/for-business/ito.do},
volume = {2009}
}
@inbook{Oblinger2006,
author = {Oblinger, Diana G},
chapter = {1},
editor = {Oblinger, Diana G},
pages = {1--4},
publisher = {EDUCAUSE},
title = {{Space as a Change Agent}},
year = {2006}
}
@book{OECD1996,
address = {Paris, France},
author = {OECD},
publisher = {Organisation for Economic Co-operation and Development},
title = {{Lifelong learning for all: meeting of the Education Committee at Ministerial level, 16-17 January 1996}},
year = {1996}
}
@inbook{OECD2005,
address = {Paris},
author = {OECD},
chapter = {4},
editor = {OECD},
pages = {138--178},
publisher = {OECD Publishing},
title = {{IT infrastructure: use of learning management system (LMS) and other applications.}},
year = {2005}
}
@misc{OECD2004,
author = {OECD},
title = {{Report from Thematic Group 3: Co-operation of different institutions and stakeholders of the qualifications systems}},
year = {2004}
}
@article{Onwuegbuzie2005,
author = {Onwuegbuzie, Anthony J and Leech, Nancy L},
journal = {Academic Exchange Quarterly},
number = {3},
pages = {280--284},
title = {{The role of sampling in qualitative research}},
volume = {9},
year = {2005}
}
@article{Otala1997,
title = "Implementing Lifelong Learning in Partnership with the Educational Sector and the Work Place",
journal = "The International Information & Library Review",
volume = "29",
number = "3-4",
pages = "455 - 460",
year = "1997",
note = "",
issn = "1057-2317",
doi = "DOI: 10.1006/iilr.1997.0063",
url = "http://www.sciencedirect.com/science/article/pii/S1057231797900631",
author = "Leenamaija Otala"
}
@inbook{Overton2003,
address = {London and Sterling, VA},
author = {Overton, Tina},
edition = {2},
editor = {Fry, Heather and Ketteridge, Steve and Marshall, Stephanie},
pages = {255--277},
publisher = {Kogan Page},
title = {{Key aspects of teaching and learning in experimental sciences and engineering}},
year = {2003}
}
@misc{Passportfolio2008,
author = {Passportfolio},
number = {November 13},
title = {{PassportfolioProject}},
url = {https://www.passportfolio.com},
volume = {2009},
year = {2008}
}
@book{Patton2002,
address = {Thousand Oaks, California},
author = {Patton, Michael Quinn},
edition = {3},
publisher = {Sage Publications},
title = {{Qualitative research \& evaluation methods}},
year = {2002}
}
@article{Peffers2008,
author = {Peffers, Ken and Tuunanen, Tuure and Rothenberger, Marcus A and Chatterjee, Samir},
journal = {Journal of Management Information Systems},
number = {3},
pages = {45--77},
title = {{A Design Science Research Methodology for Information Systems Research}},
volume = {24},
year = {2008}
}
@article{Pitman2009,
author = {Pitman, Tim and Broomhall, Susan},
journal = {International Journal of Lifelong Education},
number = {4},
pages = {439--458},
title = {{Australian universities, generic skills and lifelong learning}},
volume = {28},
year = {2009}
}
@inproceedings{Pries-Heje2008,
author = {Pries-Heje, Jan and Baskerville, Richard and Venable, John},
booktitle = {Conference Proceedings, 16th European Conference on Information Systems},
editor = {Golden, William and Acton, Tom and Conboy, Kieran and Tuunainen, Virpi Kristiina},
file = {:home/ybozhko/Documents/Mendeley Desktop/Pries-Heje, Baskerville, Venable - 2008 - Strategies for Design Science Research Evaluation.pdf:pdf},
keywords = {design science research,information systems evaluation,research methodology},
number = {2008},
publisher = {National University of Ireland},
title = {{Strategies for Design Science Research Evaluation}},
url = {http://is2.lse.ac.uk/asp/aspecis/20080023.pdf},
year = {2008}
}
@book{QueenslandUniversityofTechnology.DeptofTeachingandLearningServices2008,
abstract = {"The overarching aim of the research project, which was given the working title of the Australian ePortfolio Project, was to examine the current levels of ePortfolio practice in Australian higher education. The principal project goals sought to provide an overview and analysis of the national and international ePortfolio contexts, document the types of ePortfolios used in Australian higher education, examine the relationship with the National Diploma Supplement project funded by the Federal government, identify any significant issues relating to ePortfolio implementation, and offer guidance about future opportunities for ePortfolio development."},
address = {Brisbane, Australia},
annote = {(AuCNLKIN)000043597360
ePortfolio use by university students in Australia: informing excellence in policy and practice
Australian ePortfolio Project : final project report: August 2008
col. ill. ; 30 cm.
Logos at the foot of title : Queensland University of Technology, University of New England, University of Wollongong, University of Melbourne, Australian Learning \& Teaching Council.
Bibliography: p. 139-151.},
author = {{Queensland University of Technology. Dept of Teaching and Learning Services}},
isbn = {9781741072563},
keywords = {Electronic portfolios in education Australia.,Internet in higher education Australia.},
pages = {xi, 156 p.},
publisher = {QUT Department of Teaching and Learning Support Services},
title = {{Australian ePortfolio Project: ePortfolio use by university students in Australia: informing excellence in policy and practice, final project report}},
year = {2008}
}
@inbook{Rosa2000,
address = {Berlin/Heidelberg},
author = {Rosa, Nelson S and Justo, George R R and Cunha, Paulo R F},
pages = {1009--1018},
publisher = {Springer},
title = {{Incorporating Non-functional Requirements into Software Architectures.}},
year = {2000}
}
@misc{Rubenson2002,
address = {Toronto, Ontario},
author = {Rubenson, Kjell},
title = {{Lifelong Learning for All: Challenges and Limitations of Public Policy}},
url = {http://www.oise.utoronto.ca/CASAE/cnf2002/2002\_Papers/rubenson2002w.pdf},
year = {2002}
}
@inbook{Scanlon2006,
author = {Scanlon, Lesley},
editor = {Hager, Paul J and Holland, Susan},
number = {Lifelong Learning Book Series},
pages = {125--148},
publisher = {Springer Netherlands},
title = {{Graduate Attributes and the Transition to Higher Education}},
volume = {6},
year = {2006}
}
@misc{Schaffert2008,
author = {Schaffert, Sandra and Hilzensauer, Wolf},
booktitle = {eLearning Papers},
isbn = {1887-1542},
number = {1},
pages = {1--10},
title = {{On the way towards Personal Learning Environments: Seven crucial aspects}},
url = {http://www.elearningeuropa.info/files/media/media15971.pdf},
volume = {9},
year = {2008}
}
@book{Schostak2006,
address = {Maidenhead},
author = {Schostak, John},
editor = {Torrance, Harry},
publisher = {Open University Press},
title = {{Interviewing and representation in qualitative research}},
year = {2006}
}
@article{Schuetze2006,
author = {Schuetze, Hans G and Casey, Catherine},
file = {:home/ybozhko/Documents/Mendeley Desktop/Schuetze, Casey - 2006 - Models and meanings of Lifelong Learning progress and barriers on the road to a Learning Society.pdf:pdf},
journal = {Compare: A Journal of Comparative and International Education},
number = {3},
pages = {279--287},
title = {{Models and meanings of Lifelong Learning: progress and barriers on the road to a Learning Society}},
volume = {36},
year = {2006}
}
@inbook{Schwartz2006,
address = {Westport, Connecticut, London},
author = {Schwartz, C},
editor = {Hernon, P and Dugan, R E and Schwartz, C},
pages = {151--164},
publisher = {Libraries Unlimited},
title = {{Managing electronic portfolios}},
year = {2006}
}
@inbook{Shuy2001,
address = {London},
author = {Shuy, Roger W},
booktitle = {Handbook of interview research: context \& method},
chapter = {26},
editor = {Gubrium, Jaber F and Holstein, James A},
pages = {537--555},
publisher = {SAGE},
title = {{In-Person Versus Telephone Interviewing}},
year = {2001}
}
@misc{Siemens2004,
author = {Siemens, George},
number = {November 17},
title = {{Learning Management Systems: The wrong place to start learning}},
url = {http://www.elearnspace.org/Articles/lms.htm},
volume = {2009},
year = {2004}
}
@book{Sommerville2007,
address = {New York},
author = {Sommerville, Ian},
edition = {8th},
publisher = {Addison-Wesley},
title = {{Software engineering}},
year = {2007}
}
@article{Stenfors-Hayes2008,
author = {Stenfors-Hayes, Terese and Griffiths, Christopher and Ogunleye, James},
journal = {International Journal of Lifelong Education},
number = {6},
pages = {625--640},
title = {{Lifelong learning for all? Policies, barriers and practical reality for a socially excluded group}},
volume = {27},
year = {2008}
}
@book{Strauss2008,
address = {London},
author = {Strauss, Anselm L and Corbin, Juliet},
edition = {3},
publisher = {SAGE},
title = {{Basics of qualitative research: techniques and procedures for developing grounded theory}},
year = {2008}
}
@book{Sutherland2006,
address = {London : New York},
author = {Sutherland, Peter and Crowther, Jim},
publisher = {Routledge},
title = {{Lifelong learning: concepts and contexts}},
year = {2006}
}
@inproceedings{Sweat-Guy2007,
address = {Ljubljana, Slovenia},
author = {Sweat-Guy, Retta and Buzzetto-More, Nicole A},
title = {{A Comparative Analysis of Common E-Portfolio Features and Available Platforms}},
year = {2007}
}
@misc{Tempus-TacisJEP/NetworkingProject2002,
author = {{Tempus-Tacis JEP/Networking Project}},
title = {{Glossary of innovation terms}},
url = {http://www.et.teiath.gr/tempus/glossary.asp},
year = {2002}
}
@article{Tuijnman2002,
author = {Tuijnman, Albert and Bostr\"{o}m, Ann-Kristin},
journal = {International Review of Education},
number = {1/2},
pages = {93--110},
title = {{Changing Notions of Lifelong Education and Lifelong Learning}},
volume = {48},
year = {2002}
}
@misc{UNESCO/InstituteforLifelongLearning2005,
author = {{UNESCO/Institute for Lifelong Learning}},
number = {28 July},
title = {{"Mission"}},
url = {http://www.unesco.org/uil/en/about/mission.htm},
volume = {2009},
year = {2005}
}
@misc{UniversityofCalifornia2004,
author = {{University of California}},
number = {December 6},
title = {{LDP e-Portfolio Report of the project "Student ePortfolios. Changing the Way Student Professional Data is Stored and Shared"}},
url = {http://bearlink.berkeley.edu/ePortfolio/index.html},
volume = {2009},
year = {2004}
}
@misc{UniversityofLeeds2008,
author = {{University of Leeds}},
number = {November 13},
title = {{Leeds Practice.}},
url = {http://www.leeds.ac.uk/PDP/leedspractice.htm},
volume = {2009},
year = {2008}
}
@misc{UniversityofLeeds2008,
author = {{University of Leeds}},
number = {November 13},
title = {{The Enhancing Learner Progression Project.}},
url = {http://www.leeds.ac.uk/medicine/meu/elp/index.html},
volume = {2009},
year = {2008}
}
@misc{UniversityofLeicester2007,
author = {{University of Leicester}},
number = {November 13},
title = {{Skills for Sustainable Communities Lifelong Learning Network.}},
url = {http://www.le.ac.uk/ssclln/},
volume = {2009},
year = {2007}
}
@misc{UniversityofNottingham2005,
author = {{University of Nottingham}},
number = {November 13},
title = {{PADSHE Project.}},
url = {http://www.nottingham.ac.uk/padshe/},
volume = {2009},
year = {2005}
}
@book{Vaishnavi2007,
address = {New York},
author = {Vaishnavi, Vijay K and Kuechler, William},
publisher = {Taylor \& Francis Group},
title = {{Design Science Research Methods and Patterns: Innovating Information and Communication Technology}},
year = {2007}
}
@misc{VanTartwijkJ.2004,
author = {{van Tartwijk J.} and Driessen, Erik},
number = {January 27},
title = {{Types of e-portfolios}},
url = {http://insight.eun.org/ww/en/pub/insight/school\_innovation/eportfolio\_scenarios/portfolios\_types.htm},
volume = {2010},
year = {2004}
}
@inbook{Warren2001,
address = {London},
author = {Warren, Carol A B},
booktitle = {Handbook of interview research: context \& method},
chapter = {4},
editor = {Gubrium, Jaber F and Holstein, James A},
pages = {83--101},
publisher = {SAGE},
title = {{Qualitative Interviewing}},
year = {2001}
}
@misc{Waters2009,
author = {Waters, John K},
number = {November 23},
title = {{E-Portfolios Come of Age}},
url = {http://thejournal.com/articles/2009/11/09/elearning.aspx},
volume = {2009},
year = {2009}
}
@book{Weert2004,
address = {Boston},
author = {van Weert, Tom J and Kendall, Mike},
isbn = {1-4020-7842-0},
publisher = {Kluwer Academic},
title = {{Lifelong Learning in the Digital Age. Sustainable for all in a changing world}},
year = {2004}
}
@article{Werquin2008,
author = {Werquin, Patrick},
journal = {Lifelong learning in Europe},
pages = {142--149},
title = {{Recognition of non-formal and informal learning in OECD countries: A very good idea in jeopardy?}},
url = {http://www.oecd.org/dataoecd/9/16/41851819.pdf},
volume = {3},
year = {2008}
}
@article{Wheeler2008,
author = {Wheeler, Steve and Yeomans, Peter and Wheeler, Dawn},
journal = {British Journal of Educational Technology},
number = {6},
pages = {987--995},
title = {{The good, the bad and the wiki: Evaluating student-generated content for collaborative learning}},
volume = {39},
year = {2008}
}
@inbook{Whitten2007,
address = {Boston},
author = {Whitten, Jeffrey L and Bentley, Lonnie D},
edition = {7th},
pages = {446--453},
publisher = {McGraw-Hill},
title = {{Systems Design Approaches.}},
year = {2007}
}
@book{Yin2009,
address = {Los Angeles},
author = {Yin, Robert K},
edition = {4th},
publisher = {Sage Publications},
title = {{Case study research: design and methods}},
year = {2009}
}
@inproceedings{ePAC2010,
address = {Brisbane},
booktitle = {ePortfolios Australia Conference 2010},
file = {:home/ybozhko/Documents/Mendeley Desktop/Unknown - 2010 - ePortfolios Australia Conference 2010. Book of Abstracts and Papers.pdf:pdf},
number = {November},
publisher = {eLearning Services},
title = {{ePortfolios Australia Conference 2010. Book of Abstracts and Papers}},
year = {2010}
}
@misc{PebbleLearningLtd,
author = {{Pebble Learning Ltd}},
title = {{PebblePad Examples}},
url = {http://www.pebblepad.co.uk/pebblepad.examples.asp},
year = {2011}
}
@misc{EFolioMinnesota2011,
author = {EFolioMinnesota},
title = {{Showcase of Excellent eFolio Sites}},
url = {https://efolio.custhelp.com/},
year = {2011}
}
@misc{Desire2LearnIncorporated2011,
author = {{Desire2Learn Incorporated}},
title = {{Desire2Learn ePortfolio}},
url = {http://www.desire2learn.com/eportfolio/highered/},
year = {2011}
}