@Book{Strunk,
  author = 	 "Strunk Jr., William",
  title = 	 "The Elements of Style",
  publisher = 	 "Bartleby",
  place = "New York",
  year = 	 1918
}




