@misc{AAEEBL2011,
author = {AAEEBL},
title = {{eFolioWorld Resource for Exploring Eportfolio Technologies Webinar}},
url = {http://www.aaeebl.org/efolioworld-resource},
year = {2011},
lastchecked = {September 27, 2011}
}
@misc{AAEEBL2011a,
author = {AAEEBL},
title = {{Desire2Learn Resources for Exploring Eportfolio Technologies Webinar}},
url = {http://www.aaeebl.org/desire2learn-resource},
year = {2011}, 
lastchecked = {October 10, 2011}
}
@article{Alexiou2010,
author = {Alexiou, Aikaterini and Paraskeva, Fotini},
doi = {10.1016/j.sbspro.2010.03.463},
journal = {Procedia -- Social and Behavioral Sciences},
number = {2},
pages = {3048--3054},
title = {{Enhancing self-regulated learning skills through the implementation of an e-portfolio tool}},
volume = {2},
year = {2010}
}
@article{Aller2005,
author = {Aller, Betsy M and Kline, Andrew A and Tsang, Edmund and Aravamuthan, Raja and Rasmusson, Adam C and Phillips, Colleen},
journal = {IEEE Transactions on Education},
number = {4},
pages = {764--771},
title = {{WeBAL: A Web-Based Assessment Library to Enhance Teaching and Learning in Engineering}},
volume = {48},
year = {2005}
}
@incollection{Archer1984,
address = {Chichester; New York},
author = {Archer, L.B},
booktitle = {Developments in design methodology},
editor = {Cross, Nigel},
keywords = {DSR},
mendeley-tags = {DSR},
pages = {57--82},
publisher = {Wiley},
title = {{Systematic method for designers}},
year = {1984}
}
@article{Ashling2007,
author = {Ashling, Jim},
journal = {Information Today},
number = {5},
pages = {29--30},
title = {{Transforming Research Communication}},
volume = {24},
year = {2007}
}
@inproceedings{Aspin2001,
address = {London, UK},
author = {Aspin, David and Chapman, Judith},
booktitle = {Proceedings of the 31st Annual conference of the Standing Conference on University Teaching and Research in the Education of Adults (SCUTREA)},
pages = {38--41},
title = {{Lifelong learning: concepts, theories and values}},
year = {2001}
}
@article{Aspin2009,
author = {Aspin, David and Chapman, Judith},
journal = {Journal of Moral Education},
number = {1},
pages = {111--114},
title = {{Values education and lifelong learning: principles, policies and programmes}},
volume = {38},
year = {2009}
}
@article{Attwell2007,
author = {Attwell, Graham},
journal = {eLearning Papers},
number = {1},
title = {{Personal Learning Environments -- the future of eLearning?}},
url = {http://www.elearningeuropa.info/files/media/media11561.pdf},
lastchecked = {April 17, 2012}, 
volume = {2},
year = {2007}
}
@article{Attwell2007a,
author = {Attwell, Graham},
journal = {Journal of e-Learning and Knowledge Society},
keywords = {e-portfolio,ple},
number = {2},
pages = {39--61},
title = {{E-Portfolios – the DNA of the Personal Learning Environment?}},
url = {http://www.je-lks.it/en/07\_02/05Art\_attwell\_inglese.pdf},
lastchecked = {April 17, 2012}, 
volume = {3},
year = {2007}
}
@article{Ayan2011,
author = {Ayan, Didem and Seferoğlu, G\"{o}lge},
doi = {10.1080/03055698.2010.539782},
issn = {0305-5698},
journal = {Educational Studies},
number = {5},
pages = {513--521},
title = {{Using electronic portfolios to promote reflective thinking in language teacher education}},
url = {http://www.tandfonline.com/doi/abs/10.1080/03055698.2010.539782},
volume = {37},
year = {2011}
}
@article{Bagnall2009,
author = {Bagnall, Richard G},
journal = {International Journal of Lifelong Education},
number = {2},
pages = {277--285},
title = {{Lifelong learning as an idea for our times: An extended review}},
volume = {28},
year = {2009}
}
@misc{Barrett2009,
author = {Barrett, Helen},
month = sep # "~6",
title = {{Researching Lifelong ePortfolios and Web 2.0}},
url = {http://electronicportfolios.org},
lastchecked = {April 28, 2011},
year = {2009}
}
@misc{Barrett2008,
author = {Barrett, Helen},
title = {{Categories of ePortfolio Tools}},
url = {http://electronicportfolios.com/categories.html},
lastchecked = {April 28, 2011},
year = {2008}
}
@misc{Batson2010,
author = {Batson, Trent and Peet, Melissa R.},
publisher = {CollabTech 2010},
title = {{CollabTech 2010: ePortfolio and the Emergent Learning Ecology [Online Video]}},
url = {http://www.youtube.com/watch?v=Z1PGOgDtVJw},
year = {2010},
month = may # "~4",
lastchecked = {April 10, 2012}
}
@article{Benseman2006,
author = {Benseman, John},
journal = {Journal of Research in Rural Education},
number = {4},
title = {{Moving Towards Lifelong Learning in Rural New Zealand: A Study of Two Towns}},
url = {http://www.jrre.psu.edu/articles/21-4.pdf},
lastchecked = {April 17, 2012},
volume = {21},
year = {2006}
}
@book{Biggs2007,
address = {Maidenhead, New York, NY},
author = {Biggs, John and Tang, Catherine},
edition = {3},
publisher = {Open University Press},
title = {{Teaching for quality learning at university}},
year = {2007}
}
@article{Bisovsky2009,
author = {Bisovsky, Gerhard and Schaffert, Sandra},
journal = {International Journal of Emerging Technologies in Learning},
number = {1},
pages = {13--15},
title = {{Learning and Teaching With E-Portfolios: Experiences in and Challenges for Adult Education}},
url = {http://online-journals.org/i-jet/article/view/822},
lastchecked = {April 17, 2012},
volume = {4},
year = {2009}
}
@misc{BlackboardInc.2009,
author = {{Blackboard Inc.}},
title = {{Blackboard Release 9}},
url = {http://www.blackboard.com/About-Bb/Media-Center/Press-Releases/Archive.aspx?releaseid=881188},
lastchecked = {September 6, 2009},
year = {2009}
}
@article{Boshier2001,
author = {Boshier, Roger},
journal = {International Journal of Lifelong Education},
number = {5},
pages = {361--377},
title = {{Lifelong learning as bungy jumping: In New Zealand what goes down doesn’t always come up}},
volume = {20},
year = {2001}
}
@article{Boshier2000,
author = {Boshier, Roger},
chapter = {6},
journal = {New Zealand journal of adult learning},
number = {2},
pages = {6--28},
title = {{Running to win: the contest between lifelong learning and education in Canada}},
volume = {28},
year = {2000}
}
@article{Boulos2007,
author = {Boulos, Maged N Kamel and Wheeler, Steve},
journal = {Health Information and Libraries Journal},
number = {1},
pages = {2--23},
title = {{The emerging Web 2.0 social software: an enabling suite of sociable technologies in health and health care education}},
volume = {24},
year = {2007}
}
@incollection{Bourner2002,
address = {London},
author = {Bourner, Tom},
chapter = {2},
edition = {2nd},
editor = {Greenfield, Tony},
pages = {7--12},
publisher = {Arnold},
title = {{The research journey: four steps to success}},
year = {2002}
}
@article{Bouslama2003,
author = {Bouslama, Faouzi and Lansari, Azzedine and Al-Rawi, Akram and Abonamah, Abdullah A},
journal = {Journal of Information Technology Education},
pages = {203--214},
title = {{A novel outcome-based educational model and its effect on student learning, curriculum development, and assessment}},
volume = {2},
year = {2003}
}
@article{Boyatzis2008,
author = {Boyatzis, Richard E.},
doi = {10.1108/02621710810840730},
journal = {Journal of Management Development},
number = {1},
pages = {5--12},
title = {{Competencies in the 21st century}},
url = {http://www.emeraldinsight.com/10.1108/02621710810840730},
volume = {27},
year = {2008}
}
@incollection{Brakke2002,
address = {San Francisco},
author = {Brakke, David F and Brown, Douglas T},
editor = {Narum, Jeanne L and Conover, Kate},
pages = {119--122},
publisher = {Jossey-Bass},
title = {{Assessment to improve student learning}},
year = {2002}
}
@article{Brooks2008,
author = {Brooks, Rachel and Everett, Glyn},
journal = {International Journal of Lifelong Education},
number = {3},
pages = {239--254},
title = {{The impact of higher education on lifelong learning}},
volume = {27},
year = {2008}
}
@inproceedings{Brown2007,
address = {Singapore},
author = {Brown, Mark and Anderson, Bill and Simpson, Mary and Suddaby, Gordon},
booktitle = {ICT: Providing choices for learners and learning. Proceedings of ASCILITE Singapore 2007},
pages = {82--84},
title = {{Showcasing Mahara: A new open source eportfolio}},
url = {http://www.ascilite.org.au/conferences/singapore07/procs/brown-poster.pdf},
year = {2007},
lastchecked = {April 17, 2012}
}
@article{Browne2006,
author = {Browne, Tom and Jenkins, Martin and Walker, Richard},
journal = {Interactive Learning Environments},
number = {2},
pages = {177--192},
title = {{A Longitudinal Perspective Regarding the Use of VLEs by Higher Education Institutions in the United Kingdom}},
volume = {14},
year = {2006}
}
@book{Burke2007,
address = {London; New York},
author = {Burke, Penny Jane and Jackson, Sue},
publisher = {Routledge},
title = {{Reconceptualising lifelong learning: feminist interventions}},
year = {2007}
}
@incollection{Butler2010,
address = {Santa Rosa, California, USA},
author = {Butler, Philippa},
booktitle = {The E-Portfolio Paradigm: Informing, Educating, Assessing, and Managing With E-Portfolios},
chapter = {6},
editor = {Buzzetto-More, Nicole A},
pages = {109--139},
publisher = {Informing Science Press},
title = {{E-Portfolios, Pedagogy and Implementation in Higher Education: Considerations from the Literature}},
year = {2010}
}
@article{Byrne2001,
author = {Byrne, Michelle},
journal = {Association of periOperative Registered Nurses (AORN) Journal},
number = {2},
pages = {494--498},
title = {{Sampling for qualitative research}},
volume = {73},
year = {2001}
}
@inproceedings{Calvani2007,
address = {Napoli, Italy},
author = {Calvani, Antonio and Fini, Antonio and Bonaiuti, Giovanni and Ranieri, Maria},
booktitle = {Proceedings of EDEN Annual Conference 2007 New Learning 2.0},
title = {{Towards e-Learning 2.0: New Paths For Informal Learning and Lifelong Learning. An Application with Personal Learning Environments}},
year = {2007}
}
@book{Cambridge2010,
address = {San Francisco, CA},
author = {Cambridge, Darren},
publisher = {Jossey-Bass},
title = {{ePortfolios for Lifelong Learning and Assessment}},
year = {2010}
}
@misc{CanadianCouncilonLearning2011,
author = {{Canadian Council on Learning}},
title = {{Composite Learning Index}},
url = {http://www.cli-ica.ca},
lastchecked = {March 6, 2012},
year = {2011}
}
@misc{Capell2006,
author = {Capell, K},
month = oct # "~24",
title = {{Europe's Politicians Embrace Web 2.0}},
url = {http://www.businessweek.com},
lastchecked = {April 17, 2012},
year = {2006}
}
@article{Carter2008,
author = {Carter, Bev},
journal = {New Zealand journal of adult learning},
number = {2},
pages = {110--117},
title = {{Dewey, the OECD and differing discourses of 'lifelong learning'}},
volume = {36},
year = {2008}
}
@techreport{Canas2003,
address = {Pensacola, FL},
author = {Ca\~{n}as, Alberto J},
booktitle = {Education And Training},
institution = {The Institute for Human and Machine Cognition},
title = {{A Summary of Literature Pertaining to the Use of Concept Mapping Techniques and Technologies for Education and Performance Support}},
url = {http://www.ihmc.us/users/acanas/Publications/ConceptMapLitReview/IHMC Literature Review on Concept Mapping.pdf},
year = {2003},
lastchecked = {April 17, 2012}
}
@article{Challis2005,
author = {Challis, Di},
journal = {Canadian Journal of Learning and Technology},
number = {3},
title = {{Towards the mature ePortfolio: Some implications for higher education}},
url = {http://www.cjlt.ca/index.php/cjlt/article/view/93/87},
volume = {31},
year = {2005},
lastchecked = {April 17, 2012}
}
@incollection{Chapman2009,
author = {Chapman, Diane D.},
booktitle = {Encyclopedia of Distance Learning},
doi = {10.4018/978-1-60566-198-8.ch183},
edition = {2},
editor = {Rogers, P. L. and Berg, G. A. and Boettcher, J. V. and Howard, C. and Justice, L. and Schenk, K. D.},
pages = {1280--1286},
publisher = {IGI Global},
title = {{Introduction to Learning Management Systems}},

year = {2009}
}
@article{Chau2010,
author = {Chau, Juliana and Cheng, Gary},
journal = {Journal of Interactive Learning Research},
number = {4},
pages = {221--237},
title = {{ePortfolio, Technology, and Learning: a Reality Check}},
volume = {21},
year = {2010}
}
@incollection{Chen2009,
address = {Sterling, Virginia, USA},
author = {Chen, Helen},
booktitle = {Electronic Portfolios 2.0: Emergent Research on Implementation and Impact},
chapter = {3},
editor = {Cambridge, Darren and Cambridge, Barbara and Yancey, Kathleen Blake},
pages = {29--35},
publisher = {Stylus Publishing},
title = {{Using ePortfolios to Support Lifelong and Lifewide Learning}},
year = {2009}
}
@inproceedings{Chou2009,
address = {Badajoz, Spain},
author = {Chou, Paonan and Chen, Weifan},
booktitle = {Research, Reflections and Innovations in Integrating ICT in Education},
editor = {M\'{e}ndez-Vilas, A. and {Solano Mart\'{\i}n}, A. and {Mesa Gonz\'{a}lez}, J.A. and {Mesa Gonz\'{a}lez}, J.},
number = {1},
pages = {1312--1315},
publisher = {FORMATEX},
title = {{E-portfolio Use at Higher Education Institutions: Potential Problems for Pedagogy}},
volume = {3},
year = {2009}
}
@article{Churchill2009,
author = {Churchill, Daniel},
journal = {British Journal of Educational Technology},
number = {1},
pages = {179--183},
title = {{Educational applications of Web 2.0: Using blogs to support teaching and learning}},
volume = {40},
year = {2009}
}
@misc{Clark2009,
address = {London},
author = {Clark, Wilma and Neumann, Tim},
institution = {WLE Centre},
publisher = {WLE Centre},
title = {{ePortfolios: Models and Implementation}},
year = {2009}
}
@misc{Clark2011,
author = {Clark, Donald},
title = {{E-portfolios -- 7 reasons why I don't want my life in a shoebox}},
url = {http://donaldclarkplanb.blogspot.com},
year = {2011},
month = mar # "~31",
lastchecked = {April 17, 2012}
}
@inproceedings{Clarke2003,
address = {Auckland, New Zealand},
author = {Clarke, Maggie},
title = {{The Reflective Journal: Implications for Professional Learning}},
year = {2003}
}
@inproceedings{Cleven2009,
address = {New York, USA},
author = {Cleven, Anne and Gubler, Philipp and H\"{u}ner, Kai M.},
booktitle = {Proceedings of the 4th International Conference on Design Science Research in Information Systems and Technology (DESRIST '09)},
doi = {10.1145/1555619.1555645},
keywords = {DSR,artifact,design science research,evaluation,morphological analy-},
mendeley-tags = {DSR},
publisher = {ACM Press},
title = {{Design Alternatives for the Evaluation of Design Science Research Artifacts}},
url = {http://portal.acm.org/citation.cfm?doid=1555619.1555645},
year = {2009}
}
@book{Cohn2004,
address = {Boston, MA},
author = {Cohn, Mike},
publisher = {Addison-Wesley},
title = {{User stories applied: for agile software development}},
year = {2004}
}
@article{Collis2004,
author = {Collis, Betty and {De Boer}, Wim},
journal = {Teachers as learners: Embedded tools for implementing a CMS},
number = {6},
pages = {7--12},
title = {{E-learning by design}},
volume = {48},
year = {2004}
}
@inproceedings{Conole2006,
address = {Sydney},
author = {Conole, Gr\'{a}inne and de Laat, Maarten and Dillon, Teresa and Darby, Jonathan},
booktitle = {Proceedings of the 23rd annual ascilite conference: Who’s learning? Whose technology?},
pages = {153--161},
title = {{An in-depth case study of students' experiences of e-Learning – how is learning changing?}},
year = {2006}
}
@book{Coplien2010,
address = {Chichester; Hoboken, N.J.},
author = {Coplien, James and Bj\"{o}rnvig, Gertrud},
publisher = {Wiley},
title = {{Lean architecture for agile software development}},
year = {2010}
}
@incollection{Cousin2005,
address = {London},
author = {Cousin, G.},
booktitle = {Education in Cyberspace},
editor = {Land, R and Bayne, S},
pages = {117--129},
publisher = {RoutledgeFalmer},
title = {{Learning from cyberspace}},
year = {2005}
}
@book{Creswell2009,
address = {Thousand Oaks, California},
author = {Creswell, John W},
edition = {3},
publisher = {Sage Publications},
title = {{Research design: qualitative, quantitative, and mixed methods approaches}},
year = {2009}
}
@book{Crispin2003,
address = {Boston, MA},
author = {Crispin, Lisa},
publisher = {Addison-Wesley},
title = {{Testing Extreme Programming}},
year = {2003}
}
@incollection{Cross1993,
address = {Eindhoven, The Netherlands},
author = {Cross, Nigel},
booktitle = {Design methodology and relationships with science},
chapter = {1},
editor = {de Vries, M. J. and Cross, Nigel and Grant, Donald P.},
keywords = {DSR},
mendeley-tags = {DSR},
pages = {15--28},
publisher = {Springer},
title = {{A history of design methodology}},
year = {1993}
}
@misc{CurtinUniversity2006,
author = {{Curtin University}},
title = {{Graduate Attributes Policy}},
url = {http://policies.curtin.edu.au},
lastchecked = {September 7, 2009},
year = {2006}
}
@inproceedings{Davide2009,
address = {Iasi, Romania},
author = {Davide, Taibi and Manuel, Gentile and Giovanni, Fulantelli and Mario, Allegra},
title = {{E-portfolio and semantic web to support informal learning in social network environment}},
year = {2009}
}
@incollection{Davies2003,
address = {Dordrecht, Boston, London},
author = {Davies, A and LeMahieu, P},
editor = {Segers, Mien and Dochy, F and Cascallar, E},
pages = {141--170},
publisher = {Kluwer Academic Publishers},
title = {{Reconsidering portfolios and research evidence}},
year = {2003}
}
@misc{Dawson2007,
author = {Dawson, Ross},
title = {{Launching the Web 2.0 Framework}},
url = {http://rossdawsonblog.com},
month =  sep # "~30",
lastchecked = {December 12, 2011},
year = {2007}
}
@inproceedings{DiBenedetto2005,
address = {Philadelphia, PA},
author = {{Di Benedetto}, April O},
booktitle = {Proceedings of the National Educational Computing Conference 2005},
title = {{Does Technology Influence Teaching Practices in the Classroom?}},
year = {2005}
}
@incollection{Divjak2004,
address = {Boston},
author = {Divjak, Sasja and Dowling, Carolyn and Fisser, Petra and Grabowska, Anna and Hezemans, Marijke and Kendall, Mike and Mihnev, Pencho and Ritzen, Magda and Syslo, Maciej and Vicari, Rosa and van Weert, Tom},
booktitle = {Lifelong learning in the digital age: sustainable for all in a changing world},
chapter = {1},
editor = {van Weert, Tom J. and Kendall, Mike},
pages = {1--49},
publisher = {Kluwer Academic},
title = {{Lifelong Learning in the Digital Age}},
year = {2004}
}
@techreport{Dench2010,
author = {Dench, Olivia},
booktitle = {Early Childhood Education},
institution = {Indicators and Reporting, Ministry of Education},
lastchecked = {February 23, 2012},
title = {{Education Statistics of New Zealand: 2009}},
url = {http://www.educationcounts.govt.nz/publications/ece/2507},
year = {2010}
}
@article{DeFreitas2006,
author = {de Freitas, S and Harrison, Ian and Magoulas, George and Mee, Adrian and Mohamad, Fitri and Oliver, Martin and Papamarkos, George and Poulovassilis, Alexandra},
journal = {British Journal of Educational Technology},
number = {6},
pages = {867--880},
title = {{The development of a system for supporting the lifelong learner}},
volume = {37},
year = {2006}
}
@misc{Desire2LearnIncorporated2011,
author = {{Desire2Learn Incorporated}},
title = {{Desire2Learn ePortfolio}},
url = {http://www.desire2learn.com/eportfolio/highered/},
lastchecked = {April 17, 2012},
year = {2011}
}
@book{Dewey2004,
address = {Mineola, N.Y.},
author = {Dewey, John},
edition = {Dover},
publisher = {Dover Publications. Originally published: New York: Macmillan, 1916},
title = {{Democracy and education}},
year = {2004}
}
@article{Dowling2006,
author = {Dowling, D},
journal = {European Journal of Engineering Education},
number = {1},
pages = {95--107},
title = {{Designing a competency based program to facilitate the progression of experienced engineering technologists to professional engineer status}},
volume = {31},
year = {2006}
}
@incollection{Duke2001,
address = {Boston},
author = {Duke, Chris},
booktitle = {International handbook of lifelong learning},
editor = {Aspin, David and Chapman, Judith and Hatton, M and Sawano, Y},
pages = {501--528},
publisher = {Kluwer Academic},
title = {{Lifelong learning and tertiary education: The learning university revisited}},
year = {2001}
}
@misc{TheEducation2009,
author = {EACEA},
title = {{About Lifelong Learning programme}},
lastchecked = {October 10, 2010},
url = {http://eacea.ec.europa.eu},
year = {2009}
}
@book{Edwards1998,
address = {London},
author = {Edwards, Richard and Raggatt, Peter and Harrison, Roger and McCollum, Ann and Calder, Judith},
publisher = {DfEE},
title = {{Recent Thinking in Lifelong Learning: A Review of the Literature}},
year = {1998}
}
@misc{EFolioMinnesota2011,
author = {EFolioMinnesota},
title = {{Showcase of Excellent eFolio Sites}},
url = {https://efolio.custhelp.com},
lastchecked = {April 17, 2012},
year = {2011}
}
@misc{Ellis2009,
author = {Ellis, R. K.},
month = sep # "~2",
title = {{Learning Management Systems 2009}},
url = {http://www.astd.org/Publications},
lastchecked = {October 5, 2011}, 
year = {2009}
}
@misc{ELLIDevelopmentTeam2010,
address = {G\"{u}tersloh, Germany},
author = {{ELLI Development Team}},
publisher = {Bertelsmann Stiftun},
title = {{Making Lifelong Learning Tangible! The ELLI Index -- Europe 2010}},
lastchecked = {January 5, 2012},
url = {http://www.ccl-cca.ca/pdfs/CLI/ELLI\_EU\_20102608_EN.pdf},
year = {2010}
}
@article{Eneroth2008,
author = {Eneroth, Bo},
journal = {European Journal of Education},
number = {2},
pages = {229--240},
title = {{Knowledge, Sentience and Receptivity: a paradigm of lifelong learning}},
volume = {43},
year = {2008}
}
@misc{EuropeanCommission2000,
address = {Brussels},
author = {{European Commission}},
publisher = {SEC(2000) 1832},
title = {{A Memorandum on Lifelong Learning}},
url = {http://www.bologna-berlin2003.de/pdf/MemorandumEng.pdf},
lastchecked = {April 10, 2012},
year = {2000}
}
@book{EuropeanCommission2010,
address = {Brussels, Belgium},
author = {{European Commission}},
title = {{Europe 2020. A strategy for smart, sustainable and inclusive growth}},
year = {2010}
}
@incollection{EuropeanUnion2009,
address = {Leuven and Louvain-la-Neuve},
author = {{European Union}},
booktitle = {Communiqu\'{e} of the Conference of European Ministers Responsible for Higher Education},
number = {April},
title = {{The Bologna Process 2020 -- The European Higher Education Area in the new decade}},
year = {2009}
}
@book{Evans2003,
address = {London; New York},
author = {Evans, Norman},
publisher = {RoutledgeFalmer},
title = {{Making sense of lifelong learning: respecting the needs of all}},
year = {2003}
}
@incollection{Fallows2003,
address = {London and Sterling, VA},
author = {Fallows, S},
edition = {2},
editor = {Fry, Heather and Ketteridge, Steve and Marshall, Stephanie},
pages = {121--133},
publisher = {Kogan Page},
title = {{Teaching and learning for student skill development}},
year = {2003}
}
@book{Faure1972,
address = {Paris},
author = {Faure, Edgar and Herrera, Felipe and Kaddoura, Abdul-Razzak and Lopes, Henri and Pertovsky, Arthur V and Rahnema, Majid and Ward, Frederick Champion},
publisher = {Harrap/UNESCO},
title = {{Learning to be; the world of education today and tomorrow}},
year = {1972}
}
@misc{Fay2009,
author = {Fay, Robin},
title = {{Closed systems, open systems}},
url = {http://www.robinfay.net/site/content/open-systems-closed-systems},
lastchecked = {January 6, 2012},
year = {2009}
}
@techreport{Felce2011,
address = {Wolverhampton},
author = {Felce, Alison},
institution = {The University of Wolverhampton},
pages = {1--36},
title = {{JISC Final Report ePPSME}},
lastchecked = {April 17, 2012},
url = {http://www.jisc.ac.uk/media/documents/programmes/institutionalinnovation/workforcedev/eppsmefinalreport.pdf},
year = {2011}
}
@book{Field2006,
address = {Stoke-on-Trent},
author = {Field, John},
publisher = {Trentham Books},
title = {{Lifelong learning and the new educational order}},
url = {http://www.informaworld.com/smpp/content~content=a909710881~db=all?jumptype=alert\&alerttype=new\_issue\_alert,email},
year = {2006}
}
@book{Field2003,
address = {London},
author = {Field, John and Leicester, Mal},
publisher = {RoutledgeFalmer},
title = {{Lifelong learning: education across the lifespan}},
year = {2003}
}
@article{Fini2008,
author = {Fini, Antonio},
file = {:home/ybozhko/Documents/Mendeley Desktop/Fini - 2008 - E-Learning 2.0. A case study on a growing community.pdf:pdf},
journal = {Journal of e-Learning and Knowledge Society},
keywords = {0,blog,e-learning 2,informal learning,online community},
number = {3},
pages = {167 -- 175},
title = {{E-Learning 2.0. A case study on a growing community}},
volume = {4},
year = {2008}
}
@article{Fischer2007,
author = {Fischer, G and Konomi, S},
journal = {Journal of Computer Assisted Learning},
number = {4},
pages = {338--350},
title = {{Innovative socio-technical environments in support of distributed intelligence and lifelong learning}},
volume = {23},
year = {2007}
}
@article{Flyvbjerg2006,
author = {Flyvbjerg, Bent},
doi = {10.1177/1077800405284363},
journal = {Qualitative Inquiry},
number = {2},
pages = {219--245},
title = {{Five Misunderstandings About Case-Study Research}},
volume = {12},
year = {2006}
}
@article{Freitas2006,
author = {de Freitas, Sara and Harrison, Ian and Magoulas, George and Mee, Adrian and Mohamad, Fitri and Oliver, Martin and Papamarkos, George and Poulovassilis, Alexandra},
doi = {10.1111/j.1467-8535.2006.00666.},
journal = {British Journal of Educational Technology},
number = {6},
pages = {867--880},
title = {{The development of a system for supporting the lifelong learner}},
volume = {37},
year = {2006}
}
@article{Friesen2004,
author = {Friesen, Norm and Anderson, Terry},
journal = {British Journal of Educational Technology},
number = {6},
pages = {679--687},
title = {{Interaction for lifelong learning}},
volume = {35},
year = {2004}
}
@article{Freire2008,
author = {Freire, Juan},
journal = {eLearning Papers},
number = {8},
pages = {1--8},
title = {{Universities and Web 2.0: Institutional Challenges}},
url = {http://www.elearningeuropa.info/files/media/media15530.pdf},
lastchecked = {April 10, 2012},
year = {2008}
}
@incollection{Galliers1992,
address = {Henley-on-Thames},
author = {Galliers, Robert},
chapter = {8},
editor = {Galliers, Robert},
pages = {144--162},
publisher = {Alfred Waller},
title = {{Choosing Information Systems Research Approaches}},
year = {1992}
}
@inproceedings{Gero1999,
address = {Sydney, Australia},
author = {Gero, John S.},
booktitle = {Proceedings of the 33rd Annual Conference of the Australian and NZ Architectural Science Association (ANZAScA) Conference},
title = {{Research Methods for Design Science Research: Computational and Cognitive Approaches}},
year = {1999}
}
@book{Gillham2000,
address = {London},
author = {Gillham, Bill},
publisher = {Continuum},
title = {{The Research Interview}},
year = {2000}
}
@inproceedings{Glintz2000,
address = {Yokohama, Japan},
author = {Glintz, Martin},
pages = {55--60},
title = {{Improving the Quality of Requirements with Scenarios}},
year = {2000}
}
@inproceedings{Gorlitz2010,
address = {Timisoara, Romania},
author = {G\"{o}rlitz, Roland and Seip, Benjamin and Zacharias, Valentin},
booktitle = {Proceedings of the IADIS International Conference on WWW/Internet},
editor = {White, Bebo and Isa\'{\i}as, Pedro and Andone, Diana},
pages = {49--56},
publisher = {IADIS},
title = {{Health 2.0 in practice: a review of German health care web portals}},
url = {http://www.iadisportal.org/wwwinternet-2010-proceedings},
lastchecked = {April 17, 2012},
volume = {2000},
year = {2010}
}
@incollection{Gorg2007,
address = {Berlin Heidelberg},
author = {G\"{o}rg, Carsten and Pohl, Mathias and Qeli, Ermir and Xu, Kai},
booktitle = {Human-Centered Visualization Environments},
chapter = {4},
editor = {Kerren, Andreas and Ebert, Achim and Meyer, J\"{o}rg},
pages = {163--230},
publisher = {Springer},
title = {{Visual Representations}},
year = {2007}
}
@article{Grabowski2004,
author = {Grabowski, U},
journal = {Global Journal of Engineering Education},
pages = {269--274},
title = {{Erfolgsfaktor Pers\"{o}nlichkeit: Anforderungen an eine Ganzheitliche Ingenieurausbildung}},
volume = {8},
year = {2004}
}
@inproceedings{Griffin2002,
address = {Milton Keynes, UK},
author = {Griffin, C.},
booktitle = {Working Papers of the Global Colloquium on Supporting Lifelong Learning},
title = {{Lifelong Learning: policy, strategy and culture}},
url = {www.open.ac.uk/lifelong-learning},
lastchecked = {April 17, 2012},
publisher = {Open University},
year = {2002}
}
@article{Guest2006,
author = {Guest, Graham},
journal = {European Journal of Engineering Education},
number = {3},
pages = {273--281},
title = {{Lifelong learning for engineers: a global perspective}},
volume = {31},
year = {2006}
}
@book{Hargreaves2004,
address = {Bristol, UK},
author = {Hargreaves, David H.},
publisher = {Policy Press},
title = {{Learning for life: the foundations of lifelong learning}},
year = {2004}
}
@incollection{Hager2011,
address = {New York},
author = {Hager, Paul J.},
booktitle = {The Oxford handbook of lifelong learning},
chapter = {2},
editor = {London, Manuel},
pages = {12--25},
publisher = {Oxford University Press},
title = {{Concepts and definitions of lifelong learning}},
year = {2011}
}
@book{Hallam2008,
address = {Brisbane, Australia},
author = {Hallam, G. and Harper, W. and McCowan, C. and Hauville, K. and McAllister, L. and Creagh, T.},
publisher = {QUT Department of Teaching and Learning Support Services},
title = {{Australian ePortfolio Project: ePortfolio use by university students in Australia: informing excellence in policy and practice, final project report}},
year = {2008}
}
@book{Hallam2009,
address = {Brisbane, Australia},
author = {Hallam, G. and Hauville, K. and Harper, W. and McAllister, L. and Creagh, T.},
publisher = {QUT Department of Teaching and Learning Support Services},
title = {{Australian ePortfolio Project Stage 2 – ePortfolio use by university students in Australia: Developing a sustainable community of practice}},
year = {2009}
}
@article{Hart1999,
author = {Hart, Gail and Bowden, John and Watters, Jim},
doi = {10.1080/0379772990240219},
file = {:home/ybozhko/Documents/Mendeley Desktop/Hart, Bowden, Watters - 1999 - Graduate Capabilities a Framework for Assessing Course Quality.pdf:pdf},
issn = {0379-7724},
journal = {Higher Education in Europe},
number = {2},
pages = {301--308},
title = {{Graduate Capabilities: a Framework for Assessing Course Quality}},
volume = {24},
year = {1999}
}
@article{Hartnell-Young2006,
author = {Hartnell-Young, Elizabeth and Smallwood, Angela and Kingston, Sandra and Harley, Philip},
journal = {British Journal of Educational Technology},
number = {6},
pages = {853--866},
title = {{Joining up the episodes of lifelong learning: A regional transition project}},
volume = {37},
year = {2006}
}
@misc{Havenstein2007,
author = {Havenstein, Heather},
journal = {Computerworld},
title = {{Customers Courted With Web 2.0.}},
url = {http://www.computerworld.com},
month = feb # "~19",
lastchecked = {November 15, 2011},
year = {2007}
}
@misc{Havenstein2007a,
author = {Havenstein, Heather},
journal = {Computerworld},
month = sep # "~7",
title = {{IT is a key barrier to corporate Web 2.0 adoption, users say}},
url = {http://www.computerworld.com},
lastchecked = {November 15, 2011},
year = {2007}
}
@article{Heinrich2007,
author = {Heinrich, Eva and Bhattacharya, Madhumita and Rayudu, Ramesh},
journal = {European Journal of Engineering Education},
number = {6},
pages = {653--663},
title = {{Preparation for lifelong learning using ePortfolios}},
volume = {32},
year = {2007}
}
@incollection{Heinrich2012,
author = {Heinrich, Eva and Bozhko, Yuliya},
booktitle = {Physical and Virtual Learning Spaces in Higher Education: Concepts for the Modern Learning Environment},
chapter = {VIII},
editor = {Keppell, Mike and Souter, Kay and Riddle, Matthew},
publisher = {IGI Global},
title = {{The Role of Institutions in Creating Student-Focused Virtual Learning Spaces with ePortfolio Systems}},
year = {2012}
}
@misc{HERDSA2012,
author = {HERDSA},
title = {{HERDSA Graduate Attributes Symposium 2012}},
lastchecked = {April 10, 2012},
url = {http://www.herdsa.org.nz/file.php/1/Graduate\_Attributes\_Symposium\_flyer.pdf},
year = {2012}
}
@incollection{Hernon2006,
address = {Westport, Connecticut, London},
author = {Hernon, P},
editor = {Hernon, P and Dugan, R E and Schwartz, C},
pages = {135--150},
publisher = {Libraries Unlimited},
title = {{Methods of data collection}},
year = {2006}
}
@article{Hernandez-March2009,
author = {Hern\'{a}ndez-March, Julio and del Peso, M\'{o}nica Mart\'{\i}n and Leguey, Santiago},
journal = {Tertiary Education and Management},
number = {1},
pages = {1--16},
title = {{Graduates' Skills and Higher Education: The employers' perspective}},
volume = {15},
year = {2009}
}
@book{Hevner2010,
address = {New York},
author = {Hevner, Alan and Chatterjee, Samir},
publisher = {Springer},
title = {{Design research in information systems: theory and practice}},
year = {2010}
}
@article{Hevner2004,
author = {Hevner, Alan and March, Salvatore and Park, Jinsoo and Ram, Sudha},
journal = {MIS Quarterly},
number = {1},
pages = {75--105},
title = {{Design Science in Information Systems Research}},
volume = {28},
year = {2004}
}
@article{Hilzensauer2009,
author = {Hilzensauer, Wolf and Buchberger, Gerlinde},
journal = {International Journal of Emerging Technologies in Learning},
number = {1},
pages = {5--8},
title = {{MOSEP – More Self-Esteem With My E-Portfolio Development of a Train-the-Trainer Course for E-Portfolio Tutors}},
url = {http://online-journals.org/index.php/i-jet/issue/view/51/showToc},
volume = {4},
year = {2009}
}
@article{Himpsl2009,
author = {Himpsl, Klaus and Baumgartner, Peter},
journal = {International Journal of Emerging Technologies in Learning},
number = {1},
pages = {16--22},
title = {{Evaluation of E-Portfolio Software}},
url = {http://online-journals.org/index.php/i-jet/issue/view/51/showToc},
volume = {4},
year = {2009}
}
@misc{Holahan2006,
author = {Holahan, Catherine},
month = sep # "~1",
title = {{Fantasy Football 2.0}},
url = {http://www.businessweek.com},
lastchecked = {November 15, 2011},
year = {2006}
}
@misc{Holahan2007,
author = {Holahan, Catherine},
month = mar # "~27",
title = {Close Harmony: Bands and Web 2.0},
url = {http://www.businessweek.com},
lastchecked = {November 15, 2011},
year = {2007}
}
@article{Holten2006,
author = {Holten, Danny},
doi = {10.1109/TVCG.2006.147},
journal = {IEEE Transactions on Visualization and Computer Graphics},
number = {5},
pages = {741--748},
title = {{Hierarchical Edge Bundles: Visualization of Adjacency Relations in Hierarchical Data}},
volume = {12},
year = {2006}
}
@article{Hosein2010,
author = {Hosein, Anesa and Ramanau, Ruslan and Jones, Chris},
doi = {10.1080/17439884.2010.529913},
journal = {Learning, Media and Technology},
number = {4},
pages = {403--418},
title = {{Learning and living technologies: a longitudinal study of first-year students' frequency and competence in the use of ICT}},
url = {http://www.tandfonline.com/doi/abs/10.1080/17439884.2010.529913},
volume = {35},
year = {2010}
}
@article{Hughes2010,
author = {Hughes, Clair and Barrie, Simon},
doi = {10.1080/02602930903221485},
journal = {Assessment \& Evaluation in Higher Education},
number = {3},
pages = {325--334},
title = {{Influences on the assessment of graduate attributes in higher education}},
url = {http://www.informaworld.com},
volume = {35},
year = {2010}
}
@inproceedings{Iivari2009,
address = {Verona, Italy},
author = {Iivari, Juhan and Venable, John},
booktitle = {17th European Conference on Information System (ECIS)},
title = {{Action Research and Design Science Research – Seemingly Similar but Decisively Dissimilar}},
year = {2009}
}
@article{Illeris2009,
author = {Illeris, Knud},
journal = {International Journal of Lifelong Education},
number = {2},
pages = {137--148},
title = {{Transfer of learning in the learning society: How can the barriers betweendifferent learning spaces be surmounted, and how can the gap betweenlearning inside and outside schools be bridged?}},
volume = {28},
year = {2009}
}
@misc{IMSGlobalLearningConsortium2005,
author = {{IMS Global Learning Consortium}},
title = {{IMS ePortfolio Information Model. Version 1.0 Final Specification.}},
url = {http://www.imsglobal.org/ep/epv1p0/imsep\_infov1p0.html},
lastchecked = {November 18, 2009},
year = {2005}
}
@book{Inoue2007,
address = {Hershey, PA},
author = {Inoue, Yukiko},
publisher = {Information Science Pub.},
title = {{Online education for lifelong learning}},
year = {2007}
}
@misc{InternationalLabourOffice2008,
address = {Geneva},
author = {{International Labour Office}},
pages = {1--24},
publisher = {International Labour Organization},
title = {{Conclusions on skills for improved productivity, employment growth and development. International Labour Conference, 2008}},
year = {2008}
}
@book{Jafari2006,
address = {Hershey, PA},
author = {Jafari, Ali and Kaufman, Catherine},
publisher = {Idea Group Reference},
title = {{Handbook of research on ePortfolios}},
year = {2006}
}
@article{Jakobi2009,
author = {Jakobi, Anja P and Rusconi, Alessandra},
journal = {Compare: A Journal of Comparative and International Education},
number = {1},
pages = {51--65},
title = {{Lifelong learning in the Bologna process: European developments in higher education}},
volume = {39},
year = {2009}
}
@incollection{Jarvis2004,
address = {London; New York, NY},
author = {Jarvis, Peter},
booktitle = {Adult education and lifelong learning: theory and practice},
chapter = {2},
editor = {Jarvis, Peter},
pages = {39--65},
publisher = {Routledge},
title = {{From adult education to lifelong learning: a conceptual framework}},
year = {2004}
}
@book{Jarvis2008,
address = {London; New York, NY},
author = {Jarvis, Peter},
publisher = {Routledge},
title = {{Democracy, Lifelong Learning and the Learning Society. Active Citizenship in a Late Modern Age}},
year = {2008}
}
@article{Ioannidis2007,
author = {Ioannidis, John P a},
doi = {10.1016/j.jclinepi.2006.09.011},
journal = {Journal of clinical epidemiology},
number = {4},
pages = {324--9},
pmid = {17346604},
title = {{Limitations are not properly acknowledged in the scientific literature.}},
url = {http://www.ncbi.nlm.nih.gov/pubmed/17346604},
volume = {60},
year = {2007}
}
@misc{IPENZ2007,
author = {IPENZ},
title = {{IPENZ Competence Standard for Professional Engineers}},
url = {http://www.ipenz.org.nz},
lastchecked = {Ocotber 2, 2011},
year = {2007}
}
@incollection{Johnson2001,
address = {London},
author = {Johnson, John M},
chapter = {5},
editor = {Gubrium, Jaber F and Holstein, James A},
pages = {103--120},
publisher = {SAGE},
title = {{In-depth Interviewing}},
year = {2001}
}
@article{Johnson2004,
author = {Johnson, R Burke and Onwuegbuzie, Anthony J},
journal = {Educational Researcher},
number = {7},
pages = {14--26},
title = {{Mixed Methods Research: A Research Paradigm Whose Time Has Come}},
volume = {33},
year = {2004}
}
@article{Jones2010,
author = {Jones, Chris},
doi = {10.1080/17439884.2010.531278},
journal = {Learning, Media and Technology},
number = {4},
pages = {37--41},
title = {{A new generation of learners? The Net Generation and Digital Natives}},
volume = {35},
year = {2010}
}
@incollection{Katz2005,
author = {Katz, Richard N.},
booktitle = {ECAR Study of Students and Information Technology, 2005: Convenience, connection, control, and learning},
editor = {Kvavik, Robert B and Caruso, Judith B},
pages = {5--8},
publisher = {EDUCAUSE},
title = {{Foreword: Growing up digital}},
url = {http://net.educause.edu/ir/library/pdf/ers0506/rs/ERS0506w.pdf},
lastchecked = {April 17, 2012},
volume = {6},
year = {2005}
}
@inproceedings{Kay2008,
address = {Montreal, Canada},
author = {Kay, Judy},
chapter = {2},
pages = {3--5},
publisher = {Springer},
title = {{Life-Long Learning, Learner Models and Augmented Cognition}},
year = {2008}
}
@incollection{Kendall2004,
address = {Boston},
author = {Kendall, Mike and Samways, Brian and van Weert, Tom and Wibe, Jan},
booktitle = {Lifelong learning in the digital age: sustainable for all in a changing world},
editor = {van Weert, Tom and Kendall, Mike},
pages = {191--216},
publisher = {Kluwer Academic},
title = {{IFIP TC3 Lifelong Learning Position Paper}},
year = {2004}
}
@article{Kennedy2008,
author = {Kennedy, Gregor E and Judd, Terry S and Churchward, Anna and Gray, Kathleen},
journal = {Australasian Journal of Educational Technology},
number = {1},
pages = {108--122},
title = {{First year students' experiences with technology: Are they really digital natives?}},
volume = {24},
year = {2008}
}
@article{Kenny2002,
author = {Kenny, John},
journal = {Australian Journal of Educational Technology},
number = {3},
pages = {359--376},
title = {{Managing innovation in educational institutions}},
volume = {18},
year = {2002}
}
@article{Klamma2007,
author = {Klamma, Ralf and Chatti, Mohamed Amine and Duval, Erik and Hummel, Hans and Thora, Ebba and Kravcik, Milos and Law, Effie and Naeve, Ambj\"{o}rn and Scott, Peter},
journal = {Educational Technology \& Society},
keywords = {blogs,learning networks,life-long learning,social software},
number = {3},
pages = {72--83},
title = {{Social Software for Life-long Learning}},
volume = {10},
year = {2007}
}
@book{Knapper2000,
address = {London},
author = {Knapper, Christopher Kay and Cropley, Arthur J},
edition = {3rd},
publisher = {Kogan Page},
title = {{Lifelong learning in higher education}},
year = {2000}
}
@incollection{Kraiger2011,
address = {New York},
author = {Kraiger, Kurt and Wolfson, Natalie},
booktitle = {The Oxford handbook of lifelong learning},
chapter = {30},
editor = {London, Michael},
pages = {441--449},
publisher = {Oxford University Press},
title = {{Assessing Learning Needs and Outcomes in Lifelong Learning Support Systems}},
year = {2011}
}
@book{Kumar2005,
address = {London},
author = {Kumar, Ranjit},
edition = {2nd},
publisher = {SAGE},
title = {{Research methodology: a step-by-step guide for beginners}},
year = {2005}
}
@inproceedings{Lamont2007,
address = {Maastricht},
author = {Lamont, Margaret},
booktitle = {Proceedings of 5th International E-Portfolio Conference},
number = {4},
pages = {32--43},
publisher = {European Institute for E-Learning},
title = {{What Are the Features of e-Portfolio Implementation that Can Enhance Learning and Promote Self-Regulation?}},
volume = {78},
year = {2007}
}
@inproceedings{Lavik2004,
address = {Pamplona Spain},
author = {Lavik, Stian and Nordeng, Tommy W},
booktitle = {Proceedings of the First International Conference on Concept Mapping},
editor = {Ca\~{n}as, Alberto J and Novak, Joseph Donald and Gonzalez, F. M.},
title = {{Brainbank Learning – Building Topic Maps-Based e-Portfolios}},
year = {2004}
}
@article{Lea2010,
author = {Lea, Susan J and Stephenson, David and Troy, Juliette},
doi = {10.1080/03075070310000113432},
file = {:home/ybozhko/Documents/Mendeley Desktop/Lea, Stephenson, Troy - 2010 - Higher Education Students' Attitudes to Student-centred Learning Beyond' educational 'bulimia'.pdf:pdf},
journal = {Studies in Higher Education},
number = {3},
pages = {321--334},
title = {{Higher Education Students' Attitudes to Student-centred Learning: Beyond' educational 'bulimia'?}},
volume = {28},
year = {2010}
}
@article{Lee2008,
author = {Lee, Moosung and Thayer, Tryggvi and {Na'im Madyun}},
journal = {Comparative Education},
number = {4},
pages = {445--463},
title = {{The evolution of the European Union's lifelong learning policies: an institutional learning perspective}},
volume = {44},
year = {2008}
}
@incollection{LeGrand2006,
author = {{Le Grand}, B. and Soto, M.},
booktitle = {Visualizing the Semantic Web},
edition = {2},
editor = {Geroimenko, V. and Chen, C.},
pages = {59--79},
publisher = {Springer},
title = {{Topic maps visualization}},
year = {2006}
}
@book{Leffingwell2011,
author = {Leffingwell, Dean},
edition = {1},
publisher = {Addison-Wesley Professional},
title = {{Agile Software Requirements: Lean Requirements Practices for Teams, Programs, and the Enterprise}},
year = {2011}
}
@incollection{Leone2019,
address = {Hershey, PA},
author = {Leone, Sabrina},
booktitle = {Technology-supported environments for personalized learning: methods and case studies},
chapter = {3},
editor = {O'Donoghue, John},
pages = {30--49},
publisher = {Information Science Reference},
title = {{PLE: A Brick in the Construction of a Lifelong Learning Society}},
year = {2010}
}
@inproceedings{Leung2011,
address = {Innsbruck, Austria},
author = {Leung, Daniel and Lee, H. A. and Law, R.},
booktitle = {Proceedings of Information and Communication Technologies in Tourism 2011 International Conference},
editor = {Law, Rob and Ricci, Francesco and Fuchs, Matthias},
pages = {229--240},
publisher = {Springer},
title = {{Adopting Web 2.0 technologies on chain and independent hotel websites: A case study of hotels in Hong Kong}},
year = {2011}
}
@article{Levin2008,
author = {Levin, Tamar and Wadmany, Rivka},
journal = {Journal of Technology and Teacher Education},
number = {2},
pages = {233--263},
title = {{Teachers' Views on Factors Affecting Effective Integration of Information Technology in the Classroom: Developmental Scenery}},
volume = {16},
year = {2008}
}
@article{LibraryTechnologyReports2007,
author = {{Library Technology Reports}},
number = {5},
pages = {52--57},
title = {{Social video: videoblogging and YouTube}},
volume = {43},
year = {2007}
}
@article{Linden2003,
author = {Linden, Toby and Patrinos, Harry Anthony},
journal = {International Journal of Technologies for the Advancement of Knowledge and Learning},
number = {1},
pages = {77--80},
title = {{Lifelong Learning in the Global Knowledge Economy}},
url = {http://www.techknowlogia.org/TKL\_Articles/PDF/476.pdf},
lastchecked = {April 17, 2012},
volume = {5},
year = {2003}
}
@misc{Lombardi2008,
author = {Lombardi, Marilyn M},
publisher = {EDUCAUSE Learning Initiative},
title = {{Making the Grade: The Role of Assessment in Authentic Learning}},
url = {http://net.educause.edu/ir/library/pdf/ELI3019.pdf},
lastchecked = {April 17, 2012},
year = {2008}
}
@book{Longworth2003,
address = {London and Sterling, VA},
author = {Longworth, Norman},
publisher = {Kogan Page},
title = {{Lifelong learning in action: transforming education in the 21st century}},
year = {2003}
}
@misc{Lorenzo2005,
author = {Lorenzo, George and Ittelson, John},
publisher = {EDUCAUSE},
series = {ELI Paper},
title = {{An Overview of E-Portfolios}},
url = {http://net.educause.edu/ir/library/pdf/ELI3001.pdf},
lastchecked = {April 17, 2012},
year = {2005}
}
@book{Maciaszek2007,
address = {New York},
author = {Maciaszek, Leszek A},
edition = {3},
publisher = {Addison-Wesley},
title = {{Requirements analysis and system design}},
year = {2007}
}
@book{Mack2005,
address = {North Carolina, USA},
author = {Mack, Natasha and Woodsong, Cynthia and MacQueen, Kathleen M. and Guest, Greg and Namey, Emily},
publisher = {Family Health International},
title = {{Qualitative Research Methods: A Data Collector's Field Guide}},
url = {http://www.fhi360.org/en/RH/Pubs/booksReports},
lastchecked = {April 17, 2012},
year = {2005}
}
@misc{MacMillan2007,
author = {MacMillan, Douglas},
title = {{Family Trees 2.0}},
url = {http://www.businessweek.com},
lastchecked = {November 15, 2011},
year = {2007},
month = jun # "~18"
}
@misc{MaharaGovernanceGroup2011,
author = {{Mahara Governance Group}},
title = {{About Mahara}},
url = {http://mahara.org},
lastchecked = {April 17, 2012},
year = {2011}
}
@inproceedings{Maimbo2005,
address = {Bangkok, Thailand},
author = {Maimbo, Hilangwa and Pervan, Graham},
booktitle = {Proceedings of the 9th Pacific Asia Conference on Information Systems},
pages = {1281--1292},
title = {{Designing a Case Study Protocol for Application in IS Research}},
year = {2005}
}
@misc{Malloff2010,
author = {Malloff, Tamara},
title = {{Tamara Malloff Photostream: EPortfolio Learning}},
url = {http://www.flickr.com/photos/kootenayleadership},
lastchecked = {April 17, 2012},
year = {2010}
}
@article{March2008,
author = {March, Salvatore T and Storey, Veda C},
journal = {MIS Quarterly},
number = {4},
pages = {725--730},
title = {{Design Science in the Information Systems Discipline: An Introduction to the Special Issue on Design Science Research}},
volume = {32},
year = {2008}
}
@book{Marshall2010,
address = {Los Angeles},
author = {Marshall, Catherine and Rossman, Gretchen B.},
edition = {5},
publisher = {SAGE},
title = {{Designing qualitative research}},
year = {2011}
}
@book{Marzano1993,
address = {Alexandria, VA},
author = {Marzano, Robert J. and Pickering, Debra and McTighe, Jay},
publisher = {Association for Supervision and Curriculum Development},
title = {{Assessing Student Outcomes: Performance Assessment Using the Dimensions of Learning Model}},
year = {1993}
}
@misc{MasseyUniversity2012,
address = {Palmerston North},
author = {{Massey University}},
publisher = {Massey University},
title = {{The Road To 2020}},
url = {http://www.massey.ac.nz},
lastchecked = {April 10, 2012},
year = {2012}
}
@misc{MasseyUniversity2008,
author = {{Massey University}},
title = {{Lifelong Learning Policy}},
url = {http://science.massey.ac.nz/eportfolios/lllPolicy.asp},
lastchecked = {November 13, 2009},
year = {2008}
}
@book{Mauger2009,
author = {Mauger, Simon},
publisher = {National Institute of Adult Continuing Education},
title = {{Technological Change}},
volume = {2},
year = {2009}
}
@inproceedings{Mcaleese1998,
address = {University of Aveiro, Portugal},
author = {Mcaleese, Ray},
booktitle = {EuroConference},
title = {{Coming to Know: the role of the concept map - mirror, assistant, master?}},
year = {1998}
}
@incollection{McAlister2003,
address = {London and Sterling, VA},
author = {McAlister, G and Alexander, S},
edition = {2},
editor = {Fry, Heather and Ketteridge, Steve and Marshall, Stephanie},
pages = {278--300},
publisher = {Kogan Page},
title = {{Key aspects of teaching and learning in information and computer sciences}},
year = {2003}
}
@article{McDougall1995,
author = {McDougall, Anne and Squires, David},
doi = {10.1016/0360-1315(95)00065-8},
journal = {Computers \& Education},
number = {3},
pages = {93--103},
title = {{An empirical study of a new paradigm for choosing educational software}},
volume = {25},
year = {1995}
}
@book{Medel-Anonuevo2001,
address = {Hamburg, Germany},
author = {Medel-A\~{n}onuevo, Carolyn and Ohsako, Toshio and Mauch, Werner},
publisher = {UNESCO Institute for Education},
title = {{Revisiting Lifelong Learning for the 21st Century}},
year = {2001}
}
@unpublished{MediaGroup2011,
author = {{Media Fragments Working Group}},
address = {World Wide Web Consortium},
title = {{Media Fragments URI 1.0. W3C Working Draft 29 November 2011}},
url = {http://www.w3.org/2008/WebVideo/Fragments/WD-media-fragments-spec},
lastchecked = {December 6, 2011},
year = {2011},
}
@article{Metzger2011,
author = {Metzger, Miriam J and Flanagin, Andrew J},
doi = {10.1080/10810730.2011.589881},
journal = {Journal of health communication},
number = {Sup1},
pages = {45--58},
title = {{Using web 2.0 technologies to enhance evidence-based medical information.}},
url = {http://www.ncbi.nlm.nih.gov/pubmed/21843095},
volume = {16},
year = {2011}
}
@article{Molebash1999,
author = {Molebash, Philip},
journal = {IT Journal},
number = {1},
title = {{Technology and Education: Current and Future Trends}},
volume = {6},
year = {1999}
}
@book{Morgan-Klein2007,
address = {London; New York},
author = {Morgan-Klein, Brenda and Osborne, Michael},
publisher = {Routledge},
title = {{The concepts and practices of lifelong learning}},
year = {2007}
}
@article{Mott2010,
author = {Mott, Jonathan},
journal = {EDUCAUSE Quarterly},
number = {1},
title = {{Envisioning the Post-LMS Era: The Open Learning Network}},
url = {http://www.educause.edu/eq},
lastchecked = {April 10, 2012},
volume = {33},
year = {2010}
}
@inproceedings{Mourtos2003,
address = {Westminster, CO, USA},
author = {Mourtos, Nikos J},
booktitle = {Proceedings of the 33rd Annual Frontiers in Education (FIE'03)},
pages = {14--19},
title = {{Defining, Teaching and Assessing Lifelong Learning Skills}},
year = {2003}
}
@incollection{Muffo2001,
address = {Sterling, Virginia},
author = {Muffo, John A},
editor = {Palomba, Catherine A and Banta, Trudy W},
pages = {159--175},
publisher = {Stylus},
title = {{Assessing student competence in engineering}},
year = {2001}
}
@misc{NewZealandMinistryofEducation2012,
author = {{New Zealand Ministry of Education}},
booktitle = {NZ Education Primary and Secondary Education Initiatives},
title = {{ePortfolios and MyPortfolio}},
url = {http://www.minedu.govt.nz/NZEducation/EducationPolicies/Schools/Initiatives/ManagedLearningEnvironments/ePortfolios.aspx},
year = {2012},
lastchecked = {March 15, 2012}
}
@misc{NewZealandMinistryofEducation2008,
author = {{New Zealand Ministry of Education}},
title = {{Tertiary Education Strategy 2007-2012. Incorporating Statement of Tertiary Education Priorities 2008-2010}},
year = {2008}
}
@misc{NewcastleUniversity2009,
author = {{Newcastle University}},
number = {November 13},
title = {{EPICS-2: North East regional collaboration for personalised, work-based, and life-long learning.}},
url = {http://www.eportfolios.ac.uk/EPICS},
volume = {2009},
year = {2009}
}
@misc{NewcastleUniversity2007,
author = {{Newcastle University}},
number = {November 13},
title = {{The First EPICS Project.}},
url = {http://www.eportfolios.ac.uk/EPICS/?pid=173},
volume = {2009},
year = {2007}
}
@article{Noll2002,
author = {Noll, Cheryl L and Wilkins, Marilyn},
journal = {Journal of Information Technology Education},
number = {3},
pages = {143--154},
title = {{Critical Skills of IS Professionals: A Model for Curriculum Development}},
volume = {1},
year = {2002}
}
@techreport{Novak2008,
author = {Novak, Joseph D and Ca\~{n}as, Alberto J},
institution = {Florida Institute for Human and Machine Cognition},
title = {{The Theory Underlying Concept Maps and How to Construct and Use Them, Technical Report IHMC CmapTools 2006-01 Rev 01- 2008}},
url = {http://cmap.ihmc.us/Publications},
lastchecked = {April 17, 2012},
year = {2008}
}
@book{Novak2010,
address = {New York, NY},
author = {Novak, Joseph Donald},
edition = {2},
publisher = {Routledge},
title = {{Learning, creating, and using knowledge: concept maps as facilitative tools in schools and corporations}},
year = {2010}
}
@incollection{OECD2005,
address = {Paris},
author = {OECD},
booktitle = {E-learning in Tertiary Education: Where do We Stand?},
chapter = {4},
editor = {OECD},
pages = {138--178},
publisher = {OECD Publishing},
title = {{IT infrastructure: use of learning management system (LMS) and other applications.}},
url = {http://www.oecd.org/dataoecd/54/57/34899494.pdf},
lastchecked = {April 17, 2012},
year = {2005}
}
@misc{Oliver2010,
address = {Brisbane, Australia},
publisher = {Curtin University of Technology},
author = {Oliver, Beverley and Jones, Sue and Ferns, Sonia},
title = {{C2010 Final Report}},
url = {http://c2010.curtin.edu.au},
lastchecked = {April 10, 2012},
year = {2010}
}
@article{Onwuegbuzie2005,
author = {Onwuegbuzie, Anthony J and Leech, Nancy L},
journal = {Academic Exchange Quarterly},
number = {3},
pages = {280--284},
title = {{The role of sampling in qualitative research}},
volume = {9},
year = {2005}
}
@article{Otala1997,
author = {Otala, Leenamaija},
doi = {10.1006/iilr.1997.0063},
journal = {The International Information and Library Review},
number = {3-4},
pages = {455--460},
title = {{Implementing Lifelong Learning in Partnership with the Educational Sector and the Work Place}},
url = {http://www.sciencedirect.com/science/article/pii/S1057231797900631},
volume = {29},
year = {1997}
}
@misc{Overton2009,
author = {Overton, Lorraine},
month = aug # "~12",
booktitle = {Engaging Online Learning},
title = {{Eportfolios in Engineering – Advantages and Disadvantages}},
lastchecked = {January 6, 2012},
url = {http://engaging-online-learning.blogspot.com},
year = {2009}
}
@book{Patton2002,
address = {Thousand Oaks, California},
author = {Patton, Michael Quinn},
edition = {3},
publisher = {Sage Publications},
title = {{Qualitative research \& evaluation methods}},
year = {2002}
}
@misc{PebbleLearningLtd,
author = {{Pebble Learning Ltd}},
title = {{PebblePad Examples}},
url = {http://www.pebblepad.co.uk/pebblepad.examples.asp},
lastchecked = {April 10, 2012},
year = {2011}
} 
@misc{PebbleLearningLtd2010,
author = {{Pebble Learning Ltd}},
title = {{PebblePad Functional Overview}},
url = {http://www.pebblepad.co.uk},
lastchecked = {April 10, 2012},
year = {2010}
}
@misc{PebbleLearningLtd2010a,
author = {{Pebble Learning Ltd}},
title = {{PebbleBash 2010 - Publications}},
url = {http://www.pebblepad.co.uk/conference.papers.asp},
year = {2010},
lastchecked = {April 10, 2012}
}
@article{Peffers2008,
author = {Peffers, Ken and Tuunanen, Tuure and Rothenberger, Marcus A and Chatterjee, Samir},
journal = {Journal of Management Information Systems},
number = {3},
pages = {45--78},
title = {{A Design Science Research Methodology for Information Systems Research}},
volume = {24},
year = {2008}
} 
@article{Pitman2009,
author = {Pitman, Tim and Broomhall, Susan},
journal = {International Journal of Lifelong Education},
number = {4},
pages = {439--458},
title = {{Australian universities, generic skills and lifelong learning}},
volume = {28},
year = {2009}
}
@inproceedings{Pries-Heje2008,
author = {Pries-Heje, Jan and Baskerville, Richard and Venable, John},
booktitle = {Conference Proceedings, 16th European Conference on Information Systems},
editor = {Golden, William and Acton, Tom and Conboy, Kieran and Tuunainen, Virpi Kristiina},
publisher = {National University of Ireland},
title = {{Strategies for Design Science Research Evaluation}},
url = {http://is2.lse.ac.uk/asp/aspecis/20080023.pdf},
lastchecked = {April 17, 2012},
year = {2008}
}
@incollection{Quinlan2008,
address = {Vancouver, B.C.},
author = {Quinlan, Kathleen M. and Kane, Mary and Trochim, William M. K.},
booktitle = {Reforming the evaluation of research. New Directions for Evaluation},
doi = {10.1002/ev.261},
editor = {Coryn, Chris L.S. and Scriven, Michael},
issn = {10976736},
pages = {61--72},
publisher = {Jossey-Bass and American Evalution Association},
title = {{Evaluation of large research initiatives: Outcomes, challenges, and methodological considerations}},
url = {http://doi.wiley.com/10.1002/ev.261},
volume = {118},
year = {2008}
}
@incollection{Robertson2006,
address = {Upper Saddle River, NJ},
author = {Robertson, Suzanne and Robertson, James},
booktitle = {Mastering the requirements process},
chapter = {8},
edition = {2},
pages = {171--202},
publisher = {Addison-Wesley},
title = {{Nonfunctional requirements}},
year = {2006}
}
@incollection{Rosa2000,
address = {Berlin/Heidelberg},
author = {Rosa, Nelson S and Justo, George R R and Cunha, Paulo R F},
pages = {1009--1018},
publisher = {Springer},
title = {{Incorporating Non-functional Requirements into Software Architectures.}},
year = {2000}
}
@misc{Rubenson2002,
address = {Toronto, Ontario},
author = {Rubenson, Kjell},
title = {{Lifelong Learning for All: Challenges and Limitations of Public Policy}},
url = {http://www.oise.utoronto.ca/CASAE/cnf2002/2002\_Papers/rubenson2002w.pdf},
year = {2002},
lastchecked = {August 7, 2009}
}
@inproceedings{Rutledge2012,
address = {Chesapeake, VA},
author = {Rutledge, D. and Asing-Cashman, J. and Abdelmalak, M. and Gurung, B. and Arouri, Y. and Pawielski, Y.},
booktitle = {Proceedings of Society for Information Technology and Teacher Education International Conference 2012},
editor = {Resta, P.},
pages = {3048--3050},
publisher = {AACE},
title = {{Introduction to Integrating Technology into Teaching: Developing a course for pre-service teachers}},
url = {http://www.editlib.org/p/40055},
year = {2012},
lastchecked = {April 10, 2012}
}
@book{Savin-Baden2006,
address = {Maidenhead, Berkshire, England},
author = {Savin-Baden, Maggi and Wilkie, Kay},
publisher = {Open University Press},
title = {{Problem-Based Learning Online}},
year = {2006}
}
@incollection{Scanlon2006,
author = {Scanlon, Lesley},
editor = {Hager, Paul J and Holland, Susan},
number = {Lifelong Learning Book Series},
pages = {125--148},
publisher = {Springer Netherlands},
title = {{Graduate Attributes and the Transition to Higher Education}},
volume = {6},
year = {2006}
}
@misc{Schaffert2008,
author = {Schaffert, Sandra and Hilzensauer, Wolf},
booktitle = {eLearning Papers},
number = {1},
pages = {1--10},
title = {{On the way towards Personal Learning Environments: Seven crucial aspects}},
url = {http://www.elearningeuropa.info/files/media/media15971.pdf},
volume = {9},
lastchecked = {April 10, 2012},
year = {2008}
}
@book{Schostak2006,
address = {Maidenhead},
author = {Schostak, John},
editor = {Torrance, Harry},
publisher = {Open University Press},
title = {{Interviewing and representation in qualitative research}},
year = {2006}
}
@article{Schuetze2006,
author = {Schuetze, Hans G and Casey, Catherine},
journal = {Compare: A Journal of Comparative and International Education},
number = {3},
pages = {279--287},
title = {{Models and meanings of Lifelong Learning: progress and barriers on the road to a Learning Society}},
volume = {36},
year = {2006}
}
@incollection{Schwartz2006,
address = {Westport, Connecticut, London},
author = {Schwartz, C},
editor = {Hernon, P and Dugan, R E and Schwartz, C},
pages = {151--164},
publisher = {Libraries Unlimited},
title = {{Managing electronic portfolios}},
year = {2006}
}
@book{Shelly2011,
address = {Boston, Mass.},
author = {Shelly, Gary B. and Frydenberg, Mark},
publisher = {Course Technology Cengage Learning},
title = {{Web 2.0: Concepts and Applications}},
year = {2011}
}
@article{Sherwood1987,
author = {Sherwood, Robert D and Kinzer, Charles K and Hasselbring, S and Bransford, John D},
doi = {10.1002/acp.2350010203},
journal = {Applied Cognitive Psychology},
number = {2},
pages = {93--108},
title = {{Macro-contexts for Learning: Initial Findings and Issues}},
volume = {1},
year = {1987}
}
@incollection{Shuy2001,
address = {London},
author = {Shuy, Roger W},
booktitle = {Handbook of interview research: context \& method},
chapter = {26},
editor = {Gubrium, Jaber F and Holstein, James A},
pages = {537--555},
publisher = {SAGE},
title = {{In-Person Versus Telephone Interviewing}},
year = {2001}
}
@misc{Siemens2004,
author = {Siemens, George},
month = nov # "~22",
title = {{Learning Management Systems: The wrong place to start learning}},
url = {http://www.elearnspace.org/Articles/lms.htm},
lastchecked = {April 17, 2012},
year = {2004}
}
@article{Simmons-McDonald2009,
address = {Barcelona, Spain},
author = {Simmons-McDonald, Hazel},
journal = {The Electronic Journal of The International Council for Open and Distance Education},
number = {2},
title = {{Employability and lifelong learning}},
url = {http://www.openpraxis.com},
lastchecked = {December 13, 2011},
volume = {4},
year = {2009}
}
@techreport{Smidt2011,
address = {Brussels, Belgium},
author = {Smidt, Hanne and Sursock, Andr\'{e}e},
institution = {European University Association},
title = {{Engaging in Lifelong Learning: Shaping Inclusive and Responsive University Strategies}},
url = {http://www.eua.be/pubs/Engaging\_in\_Lifelong\_Learning.pdf},
lastchecked = {April 17, 2012},
year = {2011}
}
@article{Smith2010,
author = {Smith, Lorraine and Krass, Ines and Sainsbury, Erica and Rose, Grenville},
journal = {American Journal of Pharmaceutical Education},
number = {6},
pages = {1--6},
title = {{Pharmacy Students' Approaches to Learning in Undergraduate and Graduate Entry Programs}},
volume = {74},
year = {2010}
}
@book{Sommerville2007,
address = {New York},
author = {Sommerville, Ian},
edition = {8th},
publisher = {Addison-Wesley},
title = {{Software engineering}},
year = {2007}
}
@book{Stake1995,
address = {Thousand Oaks, California},
author = {Stake, Robert E},
publisher = {Sage Publications},
title = {{The art of case study research}},
year = {1995}
}
@article{Stenfors-Hayes2008,
author = {Stenfors-Hayes, Terese and Griffiths, Christopher and Ogunleye, James},
journal = {International Journal of Lifelong Education},
number = {6},
pages = {625--640},
title = {{Lifelong learning for all? Policies, barriers and practical reality for a socially excluded group}},
volume = {27},
year = {2008}
}
@book{Strauss2008,
address = {London},
author = {Strauss, Anselm L and Corbin, Juliet},
edition = {3},
publisher = {SAGE},
title = {{Basics of qualitative research: techniques and procedures for developing grounded theory}},
year = {2008}
}
@article{Sullivan2004,
author = {Sullivan, Patricia S O and Reckase, Mark D and Clain, Tina M C and Savidge, Mildred A and Clardy, James A},
journal = {Advances in Health Sciences Education},
pages = {309--323},
title = {{Demonstration of Portfolios to Assess Competency of Residents}},
volume = {9},
year = {2004}
}
@book{Sutherland2006,
address = {London: New York},
author = {Sutherland, Peter and Crowther, Jim},
publisher = {Routledge},
title = {{Lifelong learning: concepts and contexts}},
year = {2006}
}
@inproceedings{Sweat-Guy2007,
address = {Ljubljana, Slovenia},
author = {Sweat-Guy, Retta and Buzzetto-More, Nicole A},
booktitle = {Proceedings of the 2007 Informing Science and IT Education Joint Conference},
pages = {327--342},
publisher = {Informing Science Institute},
title = {{A Comparative Analysis of Common E-Portfolio Features and Available Platforms}},
year = {2007}
}
@misc{Tempus-TacisJEP/NetworkingProject2002,
author = {{Tempus-Tacis JEP/Networking Project}},
title = {{Glossary of innovation terms}},
url = {http://www.et.teiath.gr/tempus/glossary.asp},
lastchecked = {April 17, 2012},
year = {2002}
}
@article{Tian2011,
author = {Tian, Stella Wen and Yu, Angela Yan and Vogel, Douglas and Kwok, Ron Chi-Wai},
doi = {10.1504/IJNVO.2011.039999},
journal = {International Journal of Networking and Virtual Organisations},
number = {3/4},
pages = {264 -- 280},
title = {{The Impact of Online Social Networking on Learning: A Social Integration Perspective}},
volume = {8},
year = {2011}
}
@article{Tosun2011,
author = {Tosun, Nilg\"{u}n and Baris, Fatih},
journal = {TOJNED: The Online Journal Of New Horizons In Education},
number = {4},
pages = {42--52},
title = {{E-Portfolio Applications in Education}},
url = {http://www.tojned.net/pdf/tojnedv01i04-05.pdf},
volume = {1},
year = {2011},
lastchecked = {April 17, 2012}
}
@book{Trochim2001,
address = {Cincinnati, Ohio},
author = {Trochim, William M. K},
edition = {2},
publisher = {Atomic Dog Pub.},
title = {{Research methods knowledge base}},
year = {2001}
}
@article{Tuijnman2002,
author = {Tuijnman, Albert and Bostr\"{o}m, Ann-Kristin},
journal = {International Review of Education},
number = {1/2},
pages = {93--110},
title = {{Changing Notions of Lifelong Education and Lifelong Learning}},
volume = {48},
year = {2002}
}
@misc{UNESCO/InstituteforLifelongLearning2005,
author = {{UNESCO/Institute for Lifelong Learning}},
number = {28 July},
title = {{"Mission"}},
url = {http://www.unesco.org/uil/en/about/mission.htm},
lastchecked = {August 11, 2009},
year = {2005}
}
@misc{UniversityofOttawa2011,
author = {{University of Ottawa}},
title = {{Destination 2020 -- The University of Ottawa's Strategic Plan}},
url = {http://destination2020.uottawa.ca/documents/destination-2020-strategic-plan.pdf},
year = {2011},
lastchecked = {April 10, 2012}
}
@misc{UniversityofTorontoScarborough2010,
author = {{University of Toronto}},
booktitle = {Educational Technology Support},
title = {{ePortfolios in Blackboard}},
url = {http://ctl.utsc.utoronto.ca/technology/bb-eportfolios},
lastchecked = {November 22, 2011},
year = {2010},
month = sep # "~23"
}
@book{Vaishnavi2007,
address = {Boca Raton, New York},
author = {Vaishnavi, Vijay K and Kuechler, William},
publisher = {Auerbach Publications},
title = {{Design Science Research Methods and Patterns: Innovating Information and Communication Technology}},
year = {2008}
}
@misc{VanTartwijkJ.2004,
author = {{van Tartwijk J.} and Driessen, Erik},
title = {{Types of e-portfolios}},
url = {http://insight.eun.org/ww/en/pub/insight/school\_innovation/eportfolio\_scenarios/portfolios\_types.htm},
month = apr # "~26",
year = {2004},
lastchecked = {April 17, 2012}
}
@misc{Venable2011,
author = {Venable, Melissa},
title = {{The LMS Debate}},
month = apr # "~28",
url = {http://www.onlinecollege.org},
lastchecked = {January 6, 2012},
year = {2011}
}
@inproceedings{Venable2010,
address = {St. Gallen, Switzerland},
author = {Venable, John R},
booktitle = {Proceedings of 5th International Conference, DESRIST 2010},
doi = {10.1007/978-3-642-13335-0},
editor = {Winter, R. and Zhao, J.L. and Aier, S.},
pages = {109--123},
publisher = {Springer},
title = {{Design Science Research Post Hevner et al.: Criteria, Standards, Guidelines, and Expectations}},
year = {2010}
}
@article{Wang2002,
author = {Wang, Li},
journal = {University of New Orleans Theses and Dissertations},
title = {{Investigating How Participation In a Technology-Based Project Has Influenced Education Faculty Members' Beliefs and Practices with Technology Integration: Factors That Influence Faculty Technology Integration and Implications for Faculty's Integration of Technology (Doctoral dissertation)}},
url = {http://scholarworks.uno.edu/td/5},
lastchecked = {April 10, 2012},
year = {2002}
}
@incollection{Warren2001,
address = {London},
author = {Warren, Carol A B},
booktitle = {Handbook of interview research: context \& method},
chapter = {4},
editor = {Gubrium, Jaber F and Holstein, James A},
pages = {83--101},
publisher = {SAGE},
title = {{Qualitative Interviewing}},
year = {2001}
}
@misc{Waters2009,
author = {Waters, John K},
month = nov # "~9",
title = {{E-Portfolios Come of Age}},
url = {http://thejournal.com},
lastchecked = {March 16, 2010},
year = {2009}
}
@article{Watson2007,
author = {Watson, By William R and Watson, Sunnie Lee},
doi = {10.1007/s11528-007-0023-y},
issn = {8756-3894},
journal = {TechTrends},
number = {2},
pages = {28--34},
title = {{An Argument for Clarity: What are Learning Management Systems, What are They Not, and What Should They Become?}},
url = {http://www.springerlink.com/index/10.1007/s11528-007-0023-y},
volume = {51},
year = {2007}
}
@article{Werquin2008,
author = {Werquin, Patrick},
journal = {Lifelong learning in Europe},
pages = {142--149},
title = {{Recognition of non-formal and informal learning in OECD countries: A very good idea in jeopardy?}},
url = {http://www.oecd.org/dataoecd/9/16/41851819.pdf},
lastchecked = {April 17, 2012},
volume = {3},
year = {2008}
}
@article{Wheeler2008,
author = {Wheeler, Steve and Yeomans, Peter and Wheeler, Dawn},
journal = {British Journal of Educational Technology},
number = {6},
pages = {987--995},
title = {{The good, the bad and the wiki: Evaluating student-generated content for collaborative learning}},
volume = {39},
year = {2008}
}
@book{Wiegers2003,
address = {Redmond, Washington},
author = {Wiegers, Karl E.},
edition = {2},
publisher = {Microsoft Press},
title = {{Software requirements: practical techniques for gathering and managing requirements throughout the product development cycle}},
year = {2003}
}
@incollection{Whitten2007,
address = {Boston},
author = {Whitten, Jeffrey L and Bentley, Lonnie D},
edition = {7th},
pages = {446--453},
publisher = {McGraw-Hill},
title = {{Systems Design Approaches.}},
year = {2007}
}
@article{Wirtz2010,
author = {Wirtz, Bernd W. and Schilke, Oliver and Ullrich, Sebastian},
doi = {10.1016/j.lrp.2010.01.005},
journal = {Long Range Planning},
number = {2-3},
pages = {272--290},
title = {{Strategic Development of Business Models: Implications of the Web 2.0 for Creating Value on the Internet}},
url = {http://linkinghub.elsevier.com/retrieve/pii/S0024630110000063},
volume = {43},
year = {2010}
}
@incollection{WorldWideWebConsortium2012,
author = {{World Wide Web Consortium}},
booktitle = {HTML5. A vocabulary and associated APIs for HTML and XHTML. W3C Working Draft 29 March 2012},
editor = {Hickson, Ian},
title = {{Section 1.4: History}},
url = {http://dev.w3.org/html5/spec/introduction.html\#history-1},
lastchecked = {April 17, 2012},
year = {2012}
}
@inproceedings{Wu2011,
address = {Athens, GA, USA},
author = {Wu, Bian and Wang, Minhong},
booktitle = {Proceedings of the 11th IEEE International Conference on Advanced Learning Technologies},
pages = {207--210},
publisher = {IEEE Computer Society Conference Publications},
title = {{Dual Mapping for Support of Problem Solving and Knowledge Construction}},
year = {2011}
}
@book{Yin2009,
address = {Los Angeles},
author = {Yin, Robert K},
edition = {4th},
publisher = {Sage Publications},
title = {{Case study research: design and methods}},
year = {2009}
}
@book{Yin2012,
address = {Thousand Oaks, California},
author = {Yin, Robert K},
edition = {3},
publisher = {SAGE},
title = {{Applications of case study research}},
year = {2012}
}
@article{Zhan2010,
author = {Zhan, Zhongju},
doi = {10.1109/TEM.2009.202345},
journal = {IEEE Transactions On Engineering Management},
number = {2},
pages = {225--239},
title = {{Feeling the Sense of Community in Social Networking Usage}},
volume = {57},
year = {2010}
}